3434 5142
815 413 934 488 196

1516 407 1715 473 VOX
1773 407 2314 473 CLAMANTIS

976 569 1244 646 Despicit
1285 567 1525 646 eloquia
1564 567 1715 629 deus
1759 567 1980 642 omnia,
2025 569 2273 645 quando
2313 569 2500 646 polita

972 669 1163 727 Tecta
1204 667 1319 727 sub
1360 667 1583 744 eloquii
1623 666 1804 726 melle
1843 683 2078 726 venena
2117 665 2362 726 fouent:

974 762 1098 837 Qui
1140 761 1302 821 bona
1343 759 1521 820 verba
1564 759 1721 834 serit,
1765 759 1886 836 agit
1925 769 1988 820 et
2027 759 2200 833 male,
2245 761 2495 837 turpiter
2535 772 2704 835 errat,

972 861 1031 932 N
1034 877 1131 919 am
1174 869 1312 936 post
1351 856 1533 920 verba
1574 859 1726 919 solet
1766 857 1937 918 accio
1977 867 2183 918 sancta
2225 859 2414 936 sequi.

971 959 1143 1033 Quos
1185 957 1373 1034 magis
1412 957 1532 1017 alta
1572 956 1738 1017 scola
1777 956 1936 1028 colit,
1981 956 2066 1015 hii
2107 974 2384 1017 sermone
2424 957 2613 1034 polito

970 1055 1264 1117 Scandala
1304 1053 1507 1115 subtili
1547 1055 1706 1132 picta
1747 1055 1948 1114 colore
1989 1065 2209 1114 serunt.

1048 1154 1261 1232 Sepius
1301 1164 1405 1214 aut
1444 1155 1675 1214 lucrum
1717 1153 1813 1214 vel
1854 1153 2099 1213 honoris
2139 1153 2394 1230 adepcio
2427 1156 2564 1214 vani

970 1255 1240 1314 Fratrum
1282 1269 1587 1314 sermones
1628 1251 1732 1312 dat
1773 1252 1960 1328 magis
2001 1269 2134 1312 esse
2175 1269 2344 1313 reos:

968 1350 1093 1411 Sub
1134 1350 1311 1410 tritici
1352 1348 1553 1426 specie
1592 1349 1857 1408 zizannia
1899 1367 2044 1426 sepe
2083 1349 2425 1421 refundunt,

968 1449 1133 1508 Dum
1174 1447 1449 1508 doctrina
1489 1457 1728 1508 tumens
1769 1447 1962 1507 laudis
2002 1465 2208 1507 amore
2247 1447 2448 1509 studet
2477 1472 2490 1508 z

966 1547 1123 1622 Sepe
1164 1545 1287 1606 suis
1329 1545 1554 1606 meritis
1596 1543 1896 1605 ascribere
1937 1544 2108 1618 facta,
2152 1561 2400 1604 mouere

966 1644 1211 1716 Scisma,
1257 1643 1579 1720 peritorum
1620 1661 1794 1702 mens
1835 1642 2104 1703 studiosa
2145 1642 2318 1704 solet.

968 1741 1188 1802 Phiton
1229 1742 1359 1802 siue
1402 1742 1619 1818 Magus
1660 1751 1752 1802 est
1793 1739 2179 1814 scismaticu5‚
2225 1741 2368 1817 quia
2409 1738 2604 1802 turbat

966 1841 1192 1901 Verum
1234 1840 1400 1918 quod
1441 1840 1635 1900 credis
1678 1850 1738 1900 et
1779 1837 2113 1900 dubitanda
2153 1848 2402 1912 mouet;

966 1939 1069 1998 Set
1110 1950 1319 1999 contra
1357 1957 1537 1999 voces
1578 1937 1940 1998 incantantis
1981 1936 2280 2012 sapienter

966 2039 1159 2096 Aures
1200 2035 1431 2110 obtura,
1476 2055 1555 2097 nc
1594 2053 1698 2096 cor
1737 2035 1986 2096 adheret
2025 2034 2130 2094 eis,

964 2135 1025 2194 N
1026 2152 1108 2193 on
1150 2144 1289 2193 sunt
1331 2133 1415 2193 hii
1456 2133 1661 2194 fratres
1702 2133 1848 2194 recti
1891 2150 2004 2192 nec
2041 2147 2248 2192 amore
2289 2129 2496 2192 fideles

962 2231 1235 2291 Ecclesie
1274 2231 1471 2303 Cristi‚
1516 2232 1669 2290 sicut
1710 2229 1966 2291 habetur
2007 2228 2090 2289 ibi
2115 2250 2133 2303 3

963 2331 1299 2406 Inperfecta
1340 2329 1527 2406 magis
1568 2329 1864 2406 Sinagoga
1905 2326 2137 2388 notabit
2176 2345 2386 2388 eorum

963 2428 1332 2499 Doctrinam‚
1377 2427 1556 2504 plene
1596 2444 1715 2502 que
1757 2443 1957 2503 neque
1996 2443 2134 2486 vera
2175 2425 2354 2485 docet
2383 2447 2395 2485 :

962 2525 1327 2585 Multociens
1370 2525 1544 2600 igitur
1582 2523 1712 2584 aliis
1755 2534 1933 2584 nocet
1975 2523 2075 2582 illa
2115 2521 2373 2599 superba

962 2621 1155 2698 Copia
1194 2621 1481 2682 librorum
1522 2639 1675 2697 quos
1715 2621 2011 2698 sinagoga
2053 2629 2233 2681 tenet.

962 2721 1103 2780 Non
1145 2728 1286 2779 sunt
1326 2719 1579 2780 ecclesie
1618 2719 1764 2778 recti
1805 2718 1988 2792 ciue3‚
2032 2719 2192 2796 Agar
2233 2719 2421 2778 immo

960 2817 1215 2878 Parturit
1254 2817 1484 2890 ancilla,
1530 2816 1759 2893 perfida
1799 2826 2004 2890 mater,
2051 2834 2194 2877 eos:

960 2914 1121 2990 Ergo
1161 2915 1399 2976 recedat
1440 2916 1615 2992 Agar,
1659 2914 1848 2992 pariat
1888 2931 2133 2992 quoque
2175 2915 2346 2974 Sarra
2387 2913 2632 2974 fidelem

959 3012 1231 3073 Ecclesie
1269 3014 1511 3085 clerum,
1556 3013 1661 3074 det
1702 3012 1999 3090 Sinagoga
2037 3011 2261 3072 locum.

961 3111 1257 3171 Plantauit
1298 3112 1485 3188 pietas
1526 3122 1587 3173 et
1625 3127 1796 3170 amor
1835 3109 2160 3188 primordia
2199 3109 2463 3182 fratrum,

960 3209 1133 3284 Quos
1174 3207 1332 3269 furor
1371 3209 1450 3269 ad
1492 3227 1736 3286 presens
1775 3206 2140 3268 ambiciosus
2179 3207 2336 3284 agit:

960 3307 1163 3366 Frater
1201 3306 1369 3367 adest
1410 3306 1655 3380 Odium,
1700 3305 1806 3384 qui
1845 3306 2048 3367 federa
2089 3305 2253 3382 pacis
2294 3303 2590 3376 abhorret,

955 3403 1147 3464 Cuius
1187 3403 1266 3463 ab
1306 3405 1539 3464 inferno
1580 3403 1740 3481 cepit
1780 3402 1948 3480 origo
1988 3403 2186 3478 viam3

956 3501 1069 3561 Ille
1111 3502 1409 3577 professus
1450 3502 1611 3562 enim
1654 3501 1990 3561 claustralia
2030 3501 2156 3560 iura
2198 3498 2464 3572 resoluit,

958 3599 1089 3659 Nec
1131 3599 1257 3660 fore
1297 3599 1625 3658 concordes
1666 3617 1820 3674 quos
1861 3598 2000 3658 sinit
2043 3599 2169 3674 ipse
2209 3615 2400 3673 pareS.

957 3697 1077 3772 Qui
1123 3705 1324 3755 tamen
1364 3696 1425 3754 in
1468 3696 1643 3772 culpa
1684 3696 1860 3754 frater
1901 3714 1966 3756 se
2008 3695 2204 3767 sentit,
2249 3706 2309 3756 et
2349 3694 2512 3754 illam

958 3793 1099 3853 Non
1141 3793 1320 3868 delet,
1363 3793 1467 3854 tali
1508 3794 1645 3854 talia
1684 3792 1866 3854 verba
1907 3792 2158 3869 loquor:

959 3895 973 3920 ‘
992 3890 1187 3967 Culpa
1230 3890 1369 3950 mali
1410 3890 1651 3951 laudem
1694 3909 1817 3952 non
1860 3889 2044 3951 debet
2085 3890 2293 3951 tollere
2334 3874 2510 3964 iust0,

957 3989 1115 4048 Nam
1157 3989 1257 4048 lux
1300 3989 1362 4048 in
1404 3989 1663 4051 tenebris
1704 3989 1891 4066 fulget
1933 3989 2162 4050 honore
2204 3987 2426 4066 magis:

954 4086 1229 4163 Quisque
1269 4105 1445 4146 suum
1486 4085 1745 4163 portabit
1785 4104 1958 4160 onus,
2001 4087 2276 4164 culpetur
2317 4085 2530 4164 iniquS,

954 4183 1379 4261 Laudeturque
1424 4185 1547 4244 suis
1586 4183 1822 4246 actibus
1861 4185 1990 4261 ipse
2032 4183 2267 4246 bonus!

1370 4330 1493 4379 1081
1528 4330 1748 4393 adepcio
1770 4329 2068 4381 CEHGDL
2135 4329 2354 4394 adopeio
2377 4329 2417 4380 S

2887 1067 3017 1116 1080

2873 3032 3004 3068 1100

2865 4007 3000 4046 1110
