3434 5142
834 432 959 478 210
1534 410 1734 475 VOX
1793 406 2337 475 CLAMANTIS

1004 569 1288 649 Improba
1328 589 1441 632 nec
1482 571 1669 631 iustos
1710 569 1992 630 scandala
2031 569 2175 629 furis
2215 567 2458 628 habent.

1001 671 1089 731 Sit
1130 671 1269 731 licet
1306 668 1635 730 absurdum
1678 686 1903 729 nomen
1945 666 2287 739 meretricis,
2331 665 2410 726 ab
2454 666 2557 726 illo

1004 770 1203 844 Quam
1245 769 1439 846 pudor
1480 767 1758 828 obseruat
1800 766 2024 827 femina
2063 766 2228 825 nulla
2267 765 2466 841 capit;

1004 868 1091 927 Sit
1131 867 1270 927 licet
1311 866 1548 926 infamis
1588 865 1884 934 meretrix,
1924 874 2126 926 tamen
2169 863 2268 924 illa
2309 864 2558 940 pudicas

1002 966 1145 1025 Non
1186 964 1347 1024 fedat
1384 964 1529 1024 fedo
1570 963 1816 1023 nomine
1855 962 1996 1023 feda
2033 981 2161 1023 suo,

1006 1064 1068 1122 H
1075 1064 1129 1122 ic
1170 1061 1384 1136 bonus,
1429 1062 1528 1122 ille
1569 1061 1762 1120 malus
1804 1070 1896 1121 est
1935 1061 2180 1138 angelus
2222 1078 2376 1120 vnus
2416 1067 2478 1120 et
2518 1059 2682 1133 alter,

1005 1161 1137 1220 Nec
1176 1161 1332 1220 valet
1372 1160 1488 1218 vlla
1529 1159 1671 1218 mali
1710 1160 1889 1236 culpa
1928 1175 2146 1219 nocere
2187 1157 2394 1232 bon03
2950 1181 3053 1230 320

1007 1258 1140 1318 Nec
1180 1257 1356 1318 decet
1399 1256 1637 1316 infamis
1677 1275 1903 1316 nomen
1945 1256 2207 1317 mulieris
2247 1257 2503 1318 honeste

1007 1357 1253 1430 Ledere‚
1296 1356 1392 1416 vel
1432 1355 1672 1416 laudem
1714 1355 1923 1415 tollere
1965 1373 2142 1432 posse
2183 1373 2370 1414 suam.

1008 1454 1217 1514 Fetida
1258 1453 1528 1531 dumque
1570 1471 1704 1514 rose
1745 1471 1812 1513 se
1853 1454 2064 1514 miscet
2103 1452 2325 1513 invtilis
2367 1450 2572 1526 herba,

1010 1553 1152 1612 Non
1193 1560 1396 1612 tamen
1438 1562 1529 1612 est
1568 1552 1684 1611 alia
1725 1570 1908 1628 quam
1951 1552 2060 1611 fuit
2100 1561 2242 1612 ante
2281 1569 2453 1612 rosa:

1003 1651 1250 1726 Semper
1290 1659 1416 1711 erat
1455 1649 1623 1727 quod
1664 1650 1791 1723 erit,
1836 1649 1936 1710 vbi
1977 1651 2156 1726 culpa
2196 1659 2406 1726 patens
2443 1637 2786 1708 'manifestat

1009 1746 1292 1821 Crimina,
1336 1747 1515 1823 quale
1555 1747 1764 1808 vident
1803 1747 1922 1807 boc
1961 1765 2116 1824 opus
2157 1764 2262 1807 ora
2301 1756 2544 1806 canunt.

1012 1844 1196 1918 Quod
1237 1854 1439 1904 tamen
1482 1843 1581 1904 hic
1622 1843 1895 1918 scribam,
1941 1845 2016 1904 sit
2059 1845 2228 1904 saluo
2268 1863 2505 1920 semper
2545 1843 2776 1903 honore

1010 1941 1151 2002 Hiis
1190 1941 1411 2018 quibus
1451 1941 1732 2003 obseruat
1770 1953 1938 2020 gesta
1978 1943 2225 2019 pudoris
2267 1942 2496 2002 honor:

1012 2039 1173 2117 Ergo
1212 2041 1379 2118 quod
1420 2041 1518 2100 hic
1558 2042 1768 2118 agitur,
1811 2041 2140 2118 culpandas
2180 2040 2356 2117 culpa
2401 2041 2628 2117 figurat,

1012 2140 1156 2214 Quo
1196 2139 1325 2199 laus
1366 2138 1681 2200 laudandis
1724 2141 1800 2199 sit
1839 2139 2159 2199 tribuenda
2202 2139 2405 2215 magis,
2958 2158 3058 2207 330

1009 2237 1172 2297 Scire
1212 2237 1437 2296 malum
1480 2238 1740 2314 prodest,
1786 2237 1996 2314 pocius
2037 2237 2292 2297 vitemus
2332 2245 2396 2296 vt
2437 2235 2603 2310 illud,

1012 2333 1221 2394 Labile
1264 2353 1367 2411 pre
1410 2335 1687 2395 manibus
1729 2347 1790 2396 et
1831 2353 2153 2396 caueamus
2194 2335 2320 2396 iter.

1096 2433 1191 2492 De
1232 2433 1480 2492 muliere
1522 2433 1678 2492 mala
1718 2433 1876 2492 mala
1917 2451 2157 2510 queque
2197 2433 2400 2493 venire
2439 2431 2732 2504 solebant,

1012 2529 1123 2588 Est
1164 2530 1386 2589 etenim
1430 2530 1613 2606 pestis
1654 2531 1754 2589 illa
1795 2531 2060 2590 secunda
2102 2531 2278 2590 viris:

1012 2626 1263 2686 Femina
1304 2627 1481 2686 dulce
1522 2627 1748 2687 malum
1792 2636 2074 2700 mentem,
2119 2629 2307 2689 decus
2350 2628 2479 2705 ipsa
2515 2628 2702 2701 virile,

1016 2724 1272 2801 Frangit,
1320 2723 1634 2784 blandiciis
1676 2725 1963 2786 insidiosa
2003 2726 2167 2801 suis3

1014 2823 1254 2894 Sensus,
1299 2822 1565 2896 diuicias,
1610 2821 1872 2897 virtutes
1916 2822 2148 2898 robora,
2195 2824 2414 2884 famam

1014 2920 1095 2980 Et
1134 2938 1345 2998 pacem
1388 2920 1561 2980 variis
1602 2919 1912 2981 fraudibus
1954 2921 2082 2999 ipsa
2123 2923 2255 2982 ruit.

1016 3018 1189 3078 Mille
1231 3018 1429 3078 modis
1471 3019 1632 3092 fallit,
1678 3019 1928 3080 subtiles
1970 3020 2253 3098 milleque
2291 3021 2486 3082 tendit

1018 3115 1294 3191 Insidias,
1337 3135 1491 3176 vnus
1531 3127 1594 3176 vt
1634 3117 1903 3194 capiatur
1943 3118 2146 3179 homo.
2959 3139 3061 3190 340

1016 3214 1267 3273 Femina
1310 3214 1439 3274 talis
1480 3215 1643 3273 enim
1682 3216 1938 3291 gemmis
1977 3216 2362 3291 radiantibus,
2406 3235 2570 3291 auro,

1015 3309 1316 3386 Vestibus,
1360 3321 1422 3372 vt
1463 3313 1653 3389 possit
1692 3312 1912 3388 fallere,
1955 3325 2197 3392 compta
2238 3317 2434 3376 venit:

1016 3412 1315 3487 Aptantur
1354 3420 1565 3484 vesteS‚
1610 3411 1979 3488 restringitur
2018 3423 2148 3472 orta
2189 3413 2467 3487 mamilla,

1020 3508 1243 3567 Dilatat
1282 3508 1506 3569 collum
1548 3509 1806 3585 pectoris
1847 3511 1997 3569 ordo
2039 3528 2252 3585 suum3

1018 3605 1301 3666 Crinibus
1342 3617 1401 3665 et
1442 3606 1588 3665 velis
1629 3607 1832 3666 tinctis
1871 3617 2054 3684 caput
2094 3619 2280 3683 ornat,
2325 3619 2387 3669 et
2427 3610 2557 3670 eius

1018 3704 1218 3763 Aurea
1258 3722 1398 3762 cum
1437 3705 1689 3780 gemmis
1733 3722 1956 3782 pompa
1995 3707 2240 3766 decorat
2280 3725 2468 3784 opus:

1018 3801 1100 3860 Vt
1143 3801 1329 3878 magis
1370 3811 1618 3860 exacuat
1658 3801 1866 3861 oculos
1909 3803 2176 3864 furientis
2217 3804 2280 3864 in
2321 3805 2503 3879 illam,

1020 3899 1255 3958 Anulus
1298 3899 1359 3957 in
1401 3899 1601 3976 digitis
1642 3919 1796 3959 vnus
1835 3910 1898 3961 et
1935 3901 2085 3961 alter
2125 3903 2253 3962 erit.

1022 3995 1164 4055 Non
1207 3996 1317 4056 erit
1358 3997 1535 4058 huius
1577 4017 1731 4075 opus
1771 3998 1972 4058 lanam
2014 4000 2246 4061 mollire
2286 4001 2598 4076 trahendo,

1024 4094 1127 4153 Set
1168 4094 1355 4171 magis
1397 4105 1457 4155 vt
1498 4096 1685 4172 possit
1728 4098 2020 4173 prendere
2059 4107 2302 4176 compta
2341 4099 2534 4160 viros:
2564 4161 2574 4169 ,
2930 4144 2943 4156 .
2963 4122 3066 4174 350

1022 4191 1099 4250 Se
1138 4208 1383 4268 quoque
1423 4193 1527 4254 dat
1568 4195 1797 4272 populo
1839 4195 2050 4254 mulier
2090 4197 2360 4272 speciosa
2399 4196 2764 4272 videndam3

1021 4288 1225 4364 Quem
1266 4289 1443 4349 trahit
1484 4309 1519 4350 e
1559 4293 1763 4352 multis
1805 4292 2050 4352 forsitan
2090 4312 2242 4354 vnus
2285 4294 2410 4354 erit.

1444 4415 1545 4464 325
1576 4404 1715 4466 quod
1739 4404 1836 4454 erit
1859 4403 1898 4455 S
1964 4412 2020 4456 et
2043 4406 2140 4456 erit
2163 4405 2461 4457 CEHGDL
