3434 5142
780 465 897 525 186

1473 460 1671 526 VOX
1731 460 2209 526 CLAMANTI
2219 460 2270 525 S
2307 507 2316 516 .

935 622 1101 683 Talis
1144 622 1305 683 enim
1348 623 1572 683 meritis
1613 630 1773 682 extat
1815 620 2130 681 laudabilis
2172 622 2324 695 altis,

937 721 1085 780 Eius
1126 739 1267 780 nam
1309 719 1585 798 precibus
1626 720 1960 779 viuificatur
1999 718 2237 779 humus.

938 821 1042 879 Set
1082 821 1213 879 sine
1253 819 1498 878 materia
1538 818 1641 895 qui
1684 819 1872 877 laruat
1913 819 1975 876 in
2017 817 2229 878 ordine
2269 817 2540 892 sormam,

940 917 1213 977 Predicat
1254 917 1525 990 exterius,
1569 916 1750 993 spirat
1792 925 1853 975 et
1893 915 2053 974 intus
2095 933 2259 993 opes,

938 1013 1187 1074 Talibus
1230 1015 1341 1076 iste
1380 1013 1532 1074 liber
1572 1014 1794 1090 profert
1836 1031 1944 1073 sua
1982 1013 2164 1074 verba
2207 1013 2529 1088 moderniS,

937 1114 1019 1171 Vt
1061 1111 1176 1172 sibi
1219 1131 1333 1172 vox
1374 1112 1579 1189 populi
1622 1111 1876 1172 contulit
1917 1112 2016 1172 illa
2057 1111 2245 1189 loqui.

1018 1209 1249 1271 Ordine
1290 1211 1571 1270 mendico
1612 1209 1974 1286 supervndat
2016 1210 2230 1269 concio
2271 1208 2531 1282 fratrum,

942 1309 1037 1368 De
1076 1306 1296 1384 quibus
1336 1306 1641 1367 exvndans
1681 1307 1883 1384 regula
1922 1307 2112 1384 prima
2151 1307 2332 1383 sugit:

942 1405 1164 1464 Molles
1206 1403 1533 1464 deveniunt
1576 1404 1739 1478 tales,
1786 1405 1890 1481 qui
1932 1405 2082 1464 dura
2123 1404 2400 1465 solebant

942 1502 1187 1562 Ordinis
1229 1521 1301 1562 ex
1344 1512 1484 1563 voto
1526 1503 1675 1562 ferre
1716 1503 2010 1578 placenda
2052 1502 2187 1562 deo·

940 1600 1317 1678 Acephalum
1361 1619 1585 1660 nomen
1627 1599 1749 1660 sibi
1790 1601 1962 1660 dant
2003 1601 2198 1677 primo
2239 1601 2641 1675 statuendum,

941 1701 1139 1777 Seque
1179 1708 1397 1758 vocant
1439 1698 1651 1775 inopes
1691 1698 1804 1757 fert
1844 1697 2064 1776 quibus
2105 1699 2302 1758 omnis
2342 1717 2558 1777 opem:

940 1797 1119 1858 Cristi
1160 1797 1485 1873 discipulos
1526 1797 1821 1856 affirmant
1861 1815 1928 1856 se
1968 1796 2094 1856 fore
2134 1795 2355 1870 fratreS,

940 1895 1090 1955 Eius
1133 1905 1193 1955 et
1235 1895 1493 1973 exempli
1535 1895 1768 1972 singula
1809 1894 1936 1953 iura
1975 1894 2184 1971 sequi:

942 1993 1085 2052 Hoc
1128 1993 1377 2052 mentita
1419 1993 1569 2052 fides
1610 1992 1775 2066 dicit,
1819 2002 2022 2051 tamen
2067 1993 2184 2051 hoc
2225 1991 2367 2052 satis
2408 1992 2522 2052 illis

940 2090 1261 2164 Conuenit,
1305 2102 1368 2150 vt
1409 2090 1619 2150 dicunt
1660 2091 1763 2167 qui
1807 2107 1972 2149 sacra
2011 2089 2230 2166 scripta
2269 2090 2487 2151 sciunt.

942 2188 1093 2248 Sunt
1135 2188 1304 2265 quasi
1349 2206 1511 2247 nunc
1550 2198 1762 2266 gentes
1804 2187 1887 2246 nil
1931 2187 2304 2264 proprietatis
2346 2187 2655 2261 habenteS,

942 2287 1021 2346 Et
1064 2298 1265 2347 tamen
1308 2286 1371 2345 in
1415 2286 1604 2345 forma
1644 2285 1921 2362 pauperis
1963 2303 2146 2344 omne
2186 2295 2410 2345 tenent.

943 2383 1157 2444 Gracia
1199 2384 1247 2443 si
1290 2384 1464 2444 suerit
1504 2394 1608 2442 aut
1649 2383 1836 2442 satum
1879 2381 2152 2442 fratribus
2195 2383 2322 2442 istis

945 2481 1183 2554 Nescio,
1228 2491 1318 2541 set
1359 2481 1621 2540 mundus
1663 2490 1822 2540 totus
1864 2480 2176 2540 habundat
2214 2481 2319 2540 eiS.

944 2579 1017 2638 In
1062 2579 1339 2639 manibus
1381 2580 1638 2639 retinent
1678 2596 1913 2656 papam,
1960 2579 2063 2656 qui
2107 2578 2257 2639 dura
2297 2579 2515 2640 relaxat

943 2677 1187 2738 Ordinis
1230 2687 1291 2737 et
1332 2677 1539 2737 statuit
1580 2678 1748 2753 plura
1789 2677 1966 2737 licere
2007 2676 2231 2752 mod03

942 2775 1022 2834 Et
1062 2774 1113 2835 si
1154 2793 1303 2851 quas
1344 2793 1553 2834 causas
1596 2793 1751 2851 pape
1793 2783 1968 2850 negat
2008 2774 2139 2851 ipsa
2179 2783 2460 2851 potestas,

942 2872 1115 2934 Clam
1159 2872 1334 2932 saciet
1374 2873 1563 2932 licitas
1606 2872 1758 2932 ordo
1799 2871 2034 2932 sinister
2073 2890 2194 2932 eas.

943 2971 1074 3030 Nec
1114 2989 1215 3030 rex
1256 2989 1369 3031 nec
1410 2970 1685 3048 princeps
1729 2987 1842 3029 nec
1883 2987 2129 3047 magnas
2170 2969 2303 3030 talis
2344 2971 2407 3030 in
2448 2969 2596 3030 orbe
2636 2983 2741 3045 est,

944 3068 1063 3144 Qui
1108 3087 1217 3128 sua
1257 3079 1483 3129 secreta
1523 3087 1647 3128 non
1690 3069 1943 3129 fateatur
1983 3068 2084 3129 eis·

1026 3166 1104 3225 Et
1144 3167 1231 3226 sic
1272 3166 1533 3226 mendici
1578 3167 1858 3227 dominos
1901 3175 2199 3242 superant,
2243 3175 2305 3225 et
2345 3163 2424 3226 ab
2465 3165 2615 3226 orbe

942 3264 1245 3340 Vsurpant
1285 3264 1464 3325 tacite
1504 3265 1672 3341 quod
1712 3275 1891 3342 negat
1931 3264 2081 3324 ordo
2123 3265 2336 3340 palam.

944 3362 1085 3421 Non
1129 3363 1239 3422 hos
1280 3362 1623 3441 discipulos,
1668 3362 1855 3440 magis
1897 3363 2085 3422 immo
2125 3361 2273 3422 deos
2315 3363 2440 3423 sore
2481 3362 2698 3437 dicam,

944 3461 1113 3520 Mors
1154 3459 1373 3536 quibus
1413 3471 1475 3520 et
1515 3461 1635 3520 vita
1676 3460 1881 3520 dedita
1924 3461 2086 3520 lucra
2127 3459 2360 3521 serunt:

941 3556 1184 3617 Mortua
1224 3575 1486 3635 namque
1527 3556 1659 3630 sibi,
1704 3556 1924 3635 quibus
1966 3556 2066 3616 hic
2107 3558 2414 3618 consessor
2454 3558 2706 3632 adhesit,

942 3655 1227 3731 Corpora,
1273 3655 1323 3715 si
1366 3655 1584 3715 fuerint
1626 3653 1823 3730 digna,
1871 3655 2104 3730 sepulta
2147 3655 2296 3731 petit
2317 3676 2334 3728 ;

943 3753 1045 3813 Set
1087 3752 1135 3812 si
1178 3770 1395 3828 corpus
1436 3752 1611 3828 inops
1654 3750 1843 3826 suerit,
1883 3751 1968 3810 nil
2009 3752 2288 3812 vendicat
2329 3751 2474 3828 ipse,

943 3849 1103 3908 Nam
1144 3868 1251 3909 sua
1294 3849 1378 3908 nil
1420 3849 1626 3926 pietas,
1672 3850 1792 3908 sint
1832 3849 1946 3910 nisi
1988 3850 2168 3923 lucra,
2211 3850 2380 3926 sapit.

944 3946 1251 4024 Baptizare
1293 3947 1477 4009 fidem
1521 3948 1750 4021 nolunt,
1796 3947 1937 4024 quia
1977 3965 2070 4007 res
2111 3947 2242 4008 sine
2282 3948 2451 4008 lucro

946 4044 1087 4103 Non
1130 4045 1239 4104 erit
1279 4044 1341 4104 in
1385 4045 1663 4106 manibus
1703 4045 1865 4106 culta
1905 4046 1999 4106 vel
2039 4055 2173 4106 acta
2213 4047 2352 4106 suiS.

941 4141 1024 4199 Vt
1065 4138 1178 4199 sibi
1224 4156 1513 4204 mercator
1554 4145 1699 4204 emit
1741 4161 1924 4204 omne
1963 4163 2152 4221 genus
2195 4145 2547 4222 specierum,

944 4239 1137 4297 Lucra
1179 4239 1345 4315 quod
1386 4259 1457 4299 ex
1498 4243 1701 4302 multis
1745 4243 1933 4301 multa
1973 4252 2178 4303 tenere
2217 4253 2440 4320 queat3

942 4335 1042 4395 Sic
1082 4353 1295 4396 omnes
1335 4338 1543 4397 mundi
1586 4357 1796 4399 causas
1836 4340 2142 4418 amplectit
2182 4359 2396 4400 auarus

944 4433 1163 4506 Frater,
1205 4445 1265 4494 vt
1308 4435 1369 4494 in
1410 4435 1584 4496 variis
1624 4439 1881 4514 gaudeat
1923 4438 2050 4516 ipse
2091 4438 2284 4500 lucris·

2885 1133 2983 1186 7¹0

2883 2111 2986 2166 7²0

2891 3091 2987 3144 '530

2886 4065 2986 4118 πο
