3434 5142
796 466 880 531 50
1204 498 1213 507 .
1500 448 1700 517 vox
1757 450 2302 518 cLAMAnns

961 612 1064 672 Set
1103 610 1325 689 patitur
1364 610 1647 673 dominus
1689 611 1836 691 quid
1877 611 1994 673 sibi
2033 631 2243 674 seruus
2281 624 2434 691 agat.

960 708 1079 769 Vix
1122 708 1383 771 Hecube
1422 708 1667 773 thalami
1708 720 1988 787 poterant
2027 720 2174 772 tunc
2215 730 2350 773 esse
2387 712 2593 790 quieti,

961 807 1127 883 Quin
1169 807 1343 869 dolor
1382 808 1628 869 interius
1670 808 1953 886 languida
1991 810 2176 871 corda
2215 821 2460 885 mouet3

958 908 1062 965 Set
1103 924 1302 983 neque
1340 915 1487 967 tunc
1527 916 1761 983 poterat
1801 908 1865 967 in
1904 907 2162 969 turribus
2207 908 2366 969 Ilion
2405 910 2541 970 altis

957 1005 1016 1063 A
1058 1001 1221 1064 furiis
1262 1004 1531 1067 clausum
1570 1003 1890 1067 fortificare
1927 1006 2136 1066 virum.
2873 1032 3006 1071 1000

866 1212 986 1271 Hie
1020 1215 1265 1271 tractat
1299 1214 1640 1271 seeundum
1670 1214 1993 1271 visionem
2027 1217 2320 1285 sompnii,
2351 1218 2538 1287 quani
2572 1230 2685 1288 per
2719 1218 3002 1289 figuram,

798 1303 877 1359 de
910 1304 1116 1359 morte
1152 1302 1631 1360 Canta-riensi·
1664 1303 2159 1374 Archiam-copi.

463 1427 661 1504 Capm.
690 1425 829 1487 xiiii.
920 1426 978 1487 O
1020 1425 1121 1503 qui
1161 1425 1483 1503 palladium
1527 1425 1711 1485 Troie
1751 1424 2029 1487 seruabat
2067 1426 2148 1487 ab
2188 1446 2306 1501 ara,

798 1524 1074 1585 Helenus
1116 1520 1384 1584 Antistes'
1426 1532 1629 1600 raptus
1670 1523 1734 1582 in
1776 1541 1922 1583 ense
1963 1524 2152 1601 perit:

797 1622 1073 1683 Predicat
1113 1622 1241 1699 ipse
1281 1621 1423 1683 satis
1464 1623 1627 1698 prius
1668 1630 1731 1682 vt
1769 1620 1888 1681 sibi
1931 1623 2052 1683 vita
2092 1620 2350 1696 daretur,

797 1720 930 1781 Nec
965 1730 1165 1782 tamen
1208 1720 1271 1779 in
1313 1720 1525 1780 melius
1566 1720 1752 1780 corda
1791 1718 1982 1780 serina
2022 1730 2251 1781 mouet.

796 1818 907 1879 Est
946 1819 1089 1879 satis
1129 1818 1248 1879 hoc
1287 1818 1455 1895 quod
1494 1818 1594 1892 ait,
1640 1818 1689 1878 si
1731 1817 1928 1895 gracia
1969 1828 2236 1896 tangeret
2276 1836 2466 1894 aures»,

794 1915 899 1977 Set
940 1934 1048 1977 sua
1088 1934 1197 1993 pro
1238 1916 1406 1976 nullo
1447 1916 1717 1992 pondere
1757 1914 1940 1977 verba
1979 1914 2218 1978 serunt:

794 2014 1103 2092 Quicquid
1144 2014 1206 2075 in
1248 2014 1536 2090 exemplis
1578 2014 1659 2075 ibi
1704 2012 1854 2075 dixit
1893 2014 1974 2075 ab
2013 2020 2158 2076 a'ure
2197 2016 2460 2090 recessit,

792 2113 873 2173 Et
914 2114 1101 2191 magis
1144 2112 1205 2172 in
1246 2112 1477 2173 facinus
1518 2112 1762 2173 credula
1805 2110 1979 2173 turba
2021 2114 2149 2175 suit.

789 2212 967 2271 Tunc
1007 2221 1244 2272 resonat
1285 2228 1553 2271 murmur
1591 2211 1923 2289 ingensque
1961 2213 2253 2272 tumultus
2291 2212 2370 2273 ad
2411 2210 2620 2273 horam

794 2309 1067 2382 Tollitur,
1111 2320 1171 2370 et
1212 2309 1467 2369 multum
1512 2308 1836 2369 sedicionis
1878 2307 2098 2371 habet:
2539 2334 2549 2341 ·
2875 2328 3006 2368 ιοιο

798 2406 1031 2467 Litibus
1073 2406 1371 2484 agreditur
1408 2407 1655 2468 virtutes
1696 2406 1871 2484 plebs
1909 2408 2217 2481 viciorum,

796 2503 1256 2581 Conturbatque
1297 2520 1529 2564 sacrum
1572 2504 1817 2566 sordida
1855 2504 2032 2565 turba
2073 2505 2303 2565 forum:

797 2602 965 2663 Bella
1004 2610 1212 2662 mouet
1252 2619 1393 2662 cum
1435 2602 1643 2663 fraude
1684 2602 1855 2677 fides,
1901 2620 2040 2663 curn
2082 2604 2332 2664 crimine
2371 2602 2580 2677 virtus,

798 2700 957 2763 Cum
998 2700 1220 2777 pietate
1260 2700 1471 2774 scelus,
1516 2719 1655 2761 cum
1698 2700 1941 2762 racione
1978 2701 2177 2764 furor:

796 2798 1065 2861 Affectus
1106 2798 1185 2860 de
1223 2799 1409 2861 corde
1446 2800 1581 2876 pios
1622 2818 1747 2860 non
1791 2800 2038 2877 suscipit
2069 2802 2287 2877 hospes

800 2897 1102 2974 Impietas,
1148 2908 1411 2959 mentem
1454 2898 1676 2959 deserit
1717 2900 1858 2958 exul
1899 2914 2083 2960 amor.

878 2996 1004 3057 Scit
1043 2993 1194 3056 deus
1234 2997 1345 3057 hos
1386 2996 1663 3057 homines
1704 2997 2006 3059 siluestres
2047 2999 2186 3076 igne
2227 2994 2518 3075 perhenni

798 3094 1035 3172 Dignos
1074 3102 1137 3154 et
1177 3092 1464 3170 reprobos
1504 3112 1542 3153 a
1582 3094 1826 3155 racione
1865 3112 2066 3173 vagos·

799 3190 858 3253 Ο
898 3191 1105 3253 dolor
1145 3192 1216 3251 in
1255 3192 1493 3269 gestiS,
1540 3192 1598 3253 O
1638 3202 1839 3270 gesta
1880 3192 2261 3270 nephanda
2302 3192 2612 3253 doloris!

800 3290 977 3351 Sunt
1017 3289 1238 3367 magis
1280 3290 1411 3349 hec
1452 3288 1717 3349 baratri
1761 3307 1968 3368 quam
2011 3291 2394 3351 malefacta
2433 3291 2585 3351 viri.
2875 3310 3006 3349 1020

800 3387 960 3449 Non
1002 3387 1134 3447 suit
1174 3388 1552 3448 humanum
1596 3388 1832 3449 scelus
1875 3389 2023 3462 hoc,
2070 3386 2262 3467 quod
2303 3387 2560 3450 demon
2601 3386 2954 3467 agendum

800 3487 1018 3547 Duxit
1058 3487 1145 3547 ab
1188 3486 1473 3547 inferno
1514 3495 1651 3547 tam
1693 3484 2056 3548 violenter
2095 3485 2328 3548 humo,

799 3585 1003 3647 Plebs
1045 3586 1216 3645 furit
1257 3584 1327 3645 in
1368 3594 1589 3659 tanto,
1635 3584 1856 3647 Cristi
1897 3584 2088 3662 quod
2128 3602 2365 3646 amore
2405 3584 2662 3645 relicto

799 3684 1005 3743 Turba
1045 3683 1208 3745 rudis
1250 3693 1478 3760 patrem
1518 3682 1710 3743 nescit
1751 3680 1972 3743 habere
2014 3683 2218 3743 deum.

862 3837 965 3885 999
994 3821 1139 3885 ylion
1162 3820 1253 3871 (ΞΕ
1342 3820 1501 3870 Olion
1526 3818 1683 3881 (rubr.
1709 3819 1877 3883 ylion)
1903 3820 1951 3869 D
2203 3834 2496 3883 1019·10²3
2538 3817 2656 3869 Text
2674 3833 2792 3869 over
2810 3832 3010 3867 mn

800 3899 992 3950 SCHG
1060 3898 1267 3949 nn'thout
1283 3912 1483 3948 erasure
1504 3897 1549 3947 E
1614 3897 1910 3960 Asfhllooes
1929 3898 1984 3947 in
2009 3898 2058 3947 D
2283 3902 2298 3919 ⁰

1126 3976 1243 4026 Non
1276 3990 1516 4039 pungens
1548 3990 1774 4037 ramnus,
1811 3977 1904 4025 sed
1939 3974 2078 4026 oliuu
2111 3976 2300 4039 nitens,
2338 3974 2430 4026 sed
2455 3974 2714 4025 adornans

1128 4056 1298 4115 Ficus,
1331 4056 1427 4107 sed
1458 4054 1650 4105 blanda
1679 4055 1822 4116 vitis,
1855 4055 2098 4105 abhorret
2128 4068 2258 4105 eoa:
2835 4054 3009 4102 ⁴roeo*

1127 4133 1245 4183 Non
1278 4148 1511 4184 summe
1544 4132 1786 4184 dominus
1819 4134 1952 4197 regit
1983 4133 2101 4198 hos,
2135 4150 2242 4183 nou
2277 4133 2488 4197 spiritus
2516 4130 2704 4195 almus,

1128 4211 1240 4261 Nec
1271 4210 1361 4261 lex
1392 4228 1492 4261 nec
1525 4213 1727 4262 Cn'stus
1760 4220 1883 4261 tunc
1917 4212 2210 4262 dominatur
2241 4213 2352 4274 εἰη

1128 4289 1358 4352 Namque
1388 4296 1675 4339 creatorem
1709 4290 1855 4340 nullo
1889 4298 2213 4340 venerantur
2239 4290 2463 4348 honore,

796 4367 919 4420 ‘ru-
940 4368 1049 4419 also
1068 4368 1195 4419 have
1215 4368 1313 4417 11·ss
1332 4373 1446 4428 text,
1470 4368 1561 4417 bue
1576 4369 1631 4417 ἐκ
1652 4368 1687 4419 1.
1720 4380 1842 4417 rom
1869 4368 1996 4419 anese
2016 4366 2139 4417 aad

1127 4446 1371 4496 Summus
1403 4447 1593 4495 demon
1624 4444 1764 4496 enim
1797 4445 1932 4509 regit
1964 4447 2060 4497 hos
2095 4458 2212 4495 nnn
2247 4444 2462 4508 spiritus
2491 4443 2658 4495 almus
