3434 5142
1077 442 1365 507 LIBER
1420 444 1893 509 SEPTIMUS
2378 488 2387 499 .
2464 463 2583 524 301

551 604 696 680 Quo
736 620 971 680 semper
1010 604 1272 676 moritur,
1317 622 1430 665 nec
1469 604 1624 665 valet
1665 604 1795 682 ipse
1834 605 2005 665 mori.

635 701 778 760 Non
819 719 934 759 vox
974 701 1090 761 vlla
1128 701 1284 762 valet
1324 702 1568 762 miseras
1608 702 1845 763 edicere
1884 720 2087 779 penaS,

553 799 828 874 Quorum
871 809 1165 859 tormenta
1205 800 1486 877 languida
1527 800 1648 859 fine
1685 808 1923 861 carent:

556 896 725 955 Hinc
765 897 943 956 timor
982 908 1164 975 atque
1205 909 1440 972 tremor,
1485 896 1652 958 labor
1693 906 1754 958 et
1794 898 1967 959 dolor
2008 898 2151 959 inde
2191 907 2487 975 sequetur,

557 996 851 1071 Perpetue
891 1012 1049 1071 pene
1089 1013 1250 1056 mors
1292 995 1429 1055 furit
1467 994 1700 1071 absque
1739 996 1927 1059 mori:

555 1092 688 1167 Iugi
728 1102 920 1151 morte
960 1092 1131 1167 mori,
1173 1110 1280 1153 seu
1321 1093 1442 1171 iugi
1481 1093 1683 1153 viuere
1724 1102 1933 1165 morte,

555 1188 658 1247 Nil
699 1188 896 1250 differt
935 1189 1117 1263 dicaS,
1161 1190 1363 1251 viuere
1403 1191 1532 1251 siue
1573 1190 1743 1250 mori.
2461 1212 2591 1263 1040

555 1287 736 1351 Heul
791 1298 1045 1347 mortem
1086 1298 1292 1365 repeto
1333 1289 1580 1361 tociens,
1624 1288 1765 1365 quia
1806 1288 1889 1347 nil
1930 1288 2045 1347 nisi
2086 1290 2295 1349 mortis

557 1384 832 1462 Effigiem
873 1386 1104 1445 miseris
1145 1385 1358 1447 inferet
1401 1386 1500 1447 ille
1539 1386 1725 1459 locus,

558 1482 671 1543 Ille
711 1483 878 1543 locus
920 1502 1101 1560 quem
1144 1484 1273 1545 dira
1315 1486 1520 1557 fameS,
1564 1502 1746 1562 quem
1788 1484 1969 1561 frigus
2012 1492 2071 1545 et
2110 1485 2305 1557 ardor,

556 1581 756 1656 Quem
795 1580 1058 1657 tenebre,
1103 1601 1284 1660 quem
1327 1602 1462 1656 nox,
1507 1584 1700 1645 noctis
1741 1593 1803 1643 et
1842 1582 2050 1643 vmbra
2090 1583 2251 1661 tegit.

554 1680 792 1740 Vermis
833 1680 916 1741 ibi
957 1692 1190 1742 mentes
1230 1681 1506 1755 corrodit,
1551 1692 1612 1747 et
1652 1682 1804 1759 ignis
1844 1680 1925 1741 ab
1964 1691 2098 1743 estu

555 1777 822 1855 Corpora
861 1788 1193 1853 consumet,
1237 1797 1394 1857 pena
1433 1779 1701 1841 timenda
1742 1778 1953 1839 nimis:

553 1876 774 1937 Tortor
809 1875 912 1949 ibi,
958 1878 1061 1953 qui
1101 1895 1336 1954 semper
1375 1876 1556 1937 habet
1596 1886 1873 1953 torquere
1912 1893 2028 1935 nec
2068 1894 2331 1954 vnquam

557 1974 832 2046 Deficiet,
875 1982 1100 2035 tortum
1139 1974 1363 2034 torrida
1404 1992 1560 2051 pena
1601 1982 1769 2034 teret.

637 2071 944 2148 Quicquid
985 2080 1110 2131 erat
1148 2071 1434 2148 placitum
1475 2071 1636 2131 carni
1679 2070 2042 2133 subuertitur
2080 2090 2278 2147 omne,

556 2169 744 2245 Quod
783 2168 894 2229 fuit
933 2178 996 2228 et
1035 2168 1213 2231 dulce
1251 2177 1489 2245 torquet
1528 2187 1730 2229 amara
1770 2170 1939 2231 lues:
2468 2192 2597 2245 1050

557 2266 743 2342 Quod
784 2266 972 2325 fuerat
1013 2267 1284 2343 pulcrum
1325 2266 1488 2327 fedat
1527 2266 1866 2343 turpissima
1907 2266 2111 2341 forma,

560 2364 745 2439 Quod
785 2364 973 2425 fuerat
1016 2382 1245 2437 sanum,
1291 2381 1448 2441 pena
1486 2363 1733 2425 resoluit
1773 2381 1961 2440 opus:

559 2461 745 2537 Quod
785 2460 974 2522 fuerat
1015 2462 1169 2523 forte
1208 2470 1356 2521 tunc
1396 2460 1620 2522 viribus
1663 2462 2027 2538 expoliatur3

558 2559 670 2619 Est
710 2558 946 2636 sapiens
986 2561 1216 2631 stultus,
1261 2569 1352 2620 est
1393 2559 1478 2620 ibi
1519 2559 1690 2619 diues
1737 2559 1949 2635 inops:

560 2656 746 2731 Quod
787 2656 975 2717 fuerat
1015 2657 1186 2717 luxus
1226 2657 1406 2734 prim,
1449 2667 1542 2717 est
1580 2656 1665 2717 ibi
1707 2656 1925 2719 vermis
1966 2666 2028 2717 et
2068 2656 2241 2733 ignis,

561 2754 673 2829 Fit,
716 2755 853 2831 gula
894 2773 1014 2831 que
1054 2755 1262 2829 fuerat,
1305 2754 1590 2815 insaciata
1630 2753 1839 2814 sameS.

560 2852 714 2911 Sunt
751 2852 1000 2913 tenebre
1039 2853 1200 2914 visus
1241 2870 1515 2931 pungens
1556 2860 1617 2912 et
1657 2852 1895 2929 scorpio
1934 2860 2149 2925 tactus,

560 2948 814 3009 Gressus
855 2958 916 3010 et
955 2950 1020 3009 in
1061 2950 1309 3027 laqueos
1349 2950 1557 3009 mortis
1597 2948 1848 3010 habebit
1889 2950 2038 3011 iter:

560 3048 755 3108 Aures
794 3056 1146 3124 torquentur
1186 3047 1434 3123 strepitu
1477 3047 1785 3124 fetoreque
1824 3064 2014 3120 nareS,

560 3145 640 3204 Et
681 3162 800 3222 que
840 3153 979 3204 sunt
1020 3162 1176 3221 pene
1213 3153 1420 3220 gustus
1461 3162 1662 3203 amara
1703 3145 1892 3220 sapit:
2469 3152 2597 3203 1060

558 3242 671 3302 Est
711 3242 795 3303 ibi
837 3242 988 3301 flens
1029 3241 1252 3315 oculus,
1299 3240 1452 3301 dens
1491 3241 1764 3315 stridens,
1809 3258 2112 3318 omneque
2152 3239 2488 3302 membrum

561 3340 821 3401 Soluitur
861 3340 926 3399 in
967 3338 1210 3411 luctum,
1255 3356 1379 3415 quo
1420 3338 1552 3399 sine
1591 3337 1716 3397 fine
1755 3337 1937 3399 dolet.

560 3437 745 3513 Quod
786 3436 975 3497 fuerat
1013 3436 1132 3496 vita
1170 3453 1334 3495 mors
1373 3444 1478 3509 est,
1523 3435 1690 3513 quod
1732 3454 1947 3512 corpus
1988 3444 2233 3512 eratque

558 3536 643 3595 Vt
681 3534 779 3594 fax
819 3532 1178 3595 comburens
1219 3550 1454 3611 semper
1493 3533 1556 3593 in
1597 3532 1736 3611 igne
1776 3533 2001 3611 coquit.

521 3662 532 3673 =
561 3634 723 3706 Heu,
768 3642 858 3692 set
897 3648 1111 3709 ymago
1151 3631 1249 3691 dei
1293 3649 1484 3708 nuper
1523 3640 1646 3691 tam
1689 3650 1834 3709 pura
1874 3640 2071 3695 creata

561 3730 675 3791 Illa
714 3728 926 3790 dolens
967 3728 1168 3791 anima
1207 3730 1482 3791 demonis
1524 3730 1709 3789 instar
1750 3726 1947 3789 habet.

563 3828 706 3889 Non
747 3826 958 3887 Thetis
1000 3826 1287 3903 extinguit
1327 3825 1412 3886 ibi
1453 3826 1725 3903 fulmina,
1764 3836 1854 3887 set
1895 3842 2093 3902 neque
2134 3843 2365 3887 morsus

557 3925 850 4002 ‘Vipereos
891 3923 1110 3984 medici
1152 3934 1392 4001 compta
1432 3923 1669 3984 medela
1707 3924 1911 3985 iuuat:

561 4023 738 4085 Stans
779 4021 866 4082 ibi
905 4022 1228 4082 continuus
1269 4022 1442 4083 dolor
1481 4033 1572 4083 est
1611 4032 1674 4082 vt
1715 4022 2110 4099 parturientiS,

559 4121 862 4197 Tempora
903 4136 1017 4180 nec
1056 4119 1231 4180 venie
1272 4129 1499 4197 spectat
1539 4116 1763 4179 habere
1802 4120 1988 4179 locus
2470 4138 2599 4195 1070

562 4218 924 4295 Perpetuam
965 4234 1122 4294 pene
1163 4225 1528 4277 tormentum
1569 4233 1751 4276 nemo
1790 4217 2066 4294 gehenne

561 4316 774 4379 Mente
813 4315 990 4395 capit,
1034 4324 1124 4379 set
1164 4314 1250 4375 ibi
1291 4323 1408 4375 stat
1448 4315 1620 4375 dolor
1658 4314 1889 4393 absque
1928 4314 2093 4393 pari:

1292 4429 1422 4493 1067
1453 4426 1635 4482 'rethia
1655 4427 1704 4479 D
