3434 5142
1181 458 1467 523 LIBER
1528 459 1896 524 1>R1MUs
2559 484 2640 543 79

591 618 673 677 Et
711 628 1079 679 renouantur
1119 636 1195 678 eo
1234 628 1506 693 tempore
1545 618 1673 677 iura
1712 617 1837 677 viri.
2173 670 2176 675 .

593 716 769 775 Tunc
808 718 973 793 prius
1011 717 1092 777 ad
1134 715 1451 776 dominum
1492 716 1691 776 cordis
1733 716 2001 777 nouitate
2040 716 2316 777 reviuens

510 896 515 899 Ι
592 812 841 874 Cantioe
882 815 1246 875 celsithrono
1286 814 1482 873 laudis
1523 814 1754 874 honore
1795 814 1972 875 dedi:

592 912 735 971 Non
776 923 979 972 tamen
1020 912 1099 972 ad
1142 912 1387 988 plenum
1430 911 1621 971 fateor
1659 930 1796 972 mea
1835 912 2020 971 corda
2061 913 2300 987 redisse,

596 1009 716 1084 Qui
758 1010 916 1069 mala
956 1021 1079 1069 tam
1122 1008 1323 1070 subito
1362 1018 1530 1069 tanta
1571 1028 1677 1086 per
1714 1020 1858 1071 ante
1897 1010 2022 1071 tuli.
2507 1034 2638 1089 2070

594 1108 716 1182 Qui
758 1108 945 1168 semel
984 1121 1076 1169 est
1116 1109 1277 1167 lesus
1319 1107 1514 1167 fallaci
1558 1108 1740 1183 piscis
1780 1107 1860 1168 ab
1901 1108 2100 1183 hamc,

590 1205 747 1282 Sepe
787 1216 959 1282 putat
998 1205 1242 1282 reliquis
1280 1223 1446 1265 arma
1486 1204 1736 1265 subesse
1775 1204 1968 1280 cibis3

594 1298 711 1357 Vix
750 1300 893 1359 satis
934 1309 1024 1359 est
1064 1299 1252 1359 hodie
1290 1307 1455 1358 tutus
1496 1298 1601 1375 qui
1640 1299 1864 1359 corruit
1905 1298 2050 1373 heri,

592 1397 969 1473 Tranquillas
1011 1397 1201 1456 eciam
1247 1396 1567 1473 naufragus
1608 1396 1808 1456 horret
1847 1415 2069 1474 aquas:

582 1480 693 1553 'Sic
733 1512 847 1571 ego
889 1494 1033 1553 dum
1074 1494 1277 1555 recolo
1316 1502 1599 1554 steteram
1640 1491 1860 1571 quibus
1903 1496 2030 1570 ipse
2071 1495 2322 1573 periclis,

595 1593 877 1669 Dampna
916 1593 1113 1668 priora
1152 1592 1337 1653 michi
1378 1592 1706 1668 posteriora
1749 1593 1961 1652 timent
1989 1617 2001 1654 :

594 1689 673 1747 In
711 1690 925 1767 pelago
965 1689 1193 1767 positus
1236 1690 1325 1749 sic
1366 1708 1465 1751 me
1506 1690 1852 1751 meminisse
1893 1692 2217 1767 procellam

597 1787 820 1861 Nosc0,
864 1787 1031 1865 quod
1072 1806 1111 1847 a
1149 1788 1369 1848 mentis
1412 1806 1537 1848 non
1579 1787 1756 1848 cadet
1799 1787 1929 1864 ipsa
1968 1788 2096 1851 viis.

678 1887 787 1945 Me
828 1886 1145 1946 miserum!
1201 1896 1429 1962 quanto
1470 1904 1653 1963 cogor
1692 1886 2040 1947 meminisse
2080 1887 2288 1948 dolore

594 1984 910 2060 Temporis
952 1984 1127 2058 illius,
1172 2001 1295 2061 quo
1337 1983 1511 2044 dolor
1552 1984 1752 2044 omnis
1791 1988 1952 2043 erat!
2509 1994 2639 2045 2080

596 2081 656 2140 N
658 2099 777 2139 unc
817 2090 1019 2141 tamen
1060 2099 1297 2153 euasus,
1340 2082 1481 2157 quia
1524 2082 1663 2142 viuo
1703 2080 1901 2141 furore
1941 2093 2192 2163 remot0‚

597 2178 755 2240 Cum
796 2180 991 2240 laudis
1032 2177 1221 2239 iubilo
1262 2180 1499 2239 mutim
1539 2180 1712 2240 soluo
1755 2179 1890 2241 deo.

595 2277 777 2337 Stella
820 2277 1015 2337 Maria
1054 2278 1251 2349 maris,
1294 2276 1476 2337 michi
1516 2295 1639 2354 que
1680 2276 1985 2337 mulcebat
2023 2294 2258 2339 amaros

596 2376 842 2435 Fluctus
883 2393 962 2435 ne
1002 2376 1243 2452 petiam,
1288 2375 1471 2435 laudo
1510 2376 1752 2452 quietus
1793 2390 1946 2437 eam.

596 2473 853 2533 Gaudeo
892 2491 999 2549 pre
1038 2472 1273 2533 cunctis
1314 2473 1455 2550 quia
1498 2491 1623 2534 non
1666 2492 1766 2533 me
1807 2474 1963 2535 Cilla
2002 2474 2253 2545 vorauit,

597 2572 672 2631 In
713 2572 884 2631 cuius
925 2572 1155 2648 positus
1194 2580 1431 2648 gutture
1471 2581 1633 2632 totus
1676 2590 1878 2633 eram:

598 2669 897 2729 Hostibus
938 2670 1001 2728 in
1042 2669 1257 2731 mediis
1297 2670 1573 2747 interque
1612 2669 1876 2746 pericula
1915 2686 2134 2743 versor,

596 2767 699 2827 Set
740 2768 961 2845 pietate
1002 2767 1100 2827 dei
1142 2784 1277 2827 sum
1316 2767 1505 2827 modo
1545 2766 1697 2827 liber
1737 2784 1887 2844 ego:

597 2865 696 2924 Sic
735 2884 849 2943 ego
890 2865 1136 2925 transiui
1176 2864 1431 2925 latebras
1472 2865 1774 2926 horrenda
1813 2866 2066 2925 serarum

596 2962 857 3040 Oraque,
900 2982 1015 3023 nec
1056 2963 1263 3023 mortis
1304 2980 1539 3023 morsus
1583 2961 1850 3025 habebar
1889 2964 2000 3023 eis*¹
2507 2986 2640 3040 2090

596 3061 680 3119 Vt
718 3078 855 3120 rosa
896 3078 1003 3136 per
1041 3061 1243 3137 spinas
1284 3080 1409 3121 non
1451 3061 1624 3121 nouit
1663 3061 1944 3121 acumine
1983 3062 2188 3139 pungi,

598 3158 835 3235 Eripior
873 3159 1075 3237 gladio
1114 3161 1202 3219 sic
1242 3160 1505 3221 ferientis
1546 3176 1676 3237 ego,

678 3256 778 3316 Sic
818 3274 957 3316 cum
998 3257 1293 3317 rusticitas
1334 3258 1523 3317 suerat
1562 3256 1808 3333 religata
1845 3256 2134 3331 cathenis,

599 3354 681 3413 Et
722 3354 965 3431 paciens
1004 3365 1213 3415 nostro
1252 3354 1523 3415 subiacet
1564 3354 1663 3414 illa
1703 3355 1880 3431 pede,

596 3452 697 3512 Ad
736 3452 875 3531 iuga
911 3450 1027 3513 bos
1064 3453 1259 3527 rediit,
1302 3470 1425 3530 que
1464 3451 1581 3513 sub
1620 3452 1779 3512 aruis
1821 3470 2028 3513 semen
2069 3453 2246 3513 aratis

599 3549 822 3623 Creuit,
866 3558 927 3610 et
966 3568 1003 3609 a
1044 3548 1207 3611 bello
1246 3550 1501 3611 rusticus
1544 3551 1673 3627 ipse
1714 3551 1866 3611 silet.

598 3647 697 3707 Sic
734 3665 857 3723 ope
894 3647 1103 3708 diuina
1144 3648 1405 3709 Sathane
1446 3648 1601 3709 iacet
1640 3647 1856 3709 obruta
1897 3648 2101 3723 virtus,

603 3745 743 3820 Que
782 3756 985 3805 tamen
1030 3746 1323 3807 indomita
1364 3746 1691 3806 rusticitate
1733 3746 1915 3820 latet3

600 3842 848 3920 Semper
884 3844 967 3905 ad
1009 3845 1313 3905 interitum
1354 3862 1497 3903 nam
1540 3844 1794 3905 rusticus
1837 3842 2168 3919 insidiatur,

599 3939 661 3999 Si
702 3958 893 4018 genus
934 3942 1263 4018 ingenuum
1304 3940 1563 4001 subdere
1604 3942 1757 4001 forte
1797 3950 1995 4019 queat.
2511 3964 2642 4001 2100

600 4038 759 4098 Nam
800 4037 925 4099 sera
962 4039 1261 4100 rusticius
1302 4039 1472 4100 nullo
1512 4040 1856 4100 moderatur
1895 4055 2120 4114 amore,

600 4134 804 4195 Corde
844 4145 936 4197 set
974 4136 1233 4198 aduerso
1272 4152 1509 4214 semper
1540 4152 1748 4197 amara
1785 4136 1970 4215 gerit:

599 4231 887 4296 Subditus
928 4234 1059 4311 ipse
1082 4234 1271 4295 timet
1312 4252 1427 4312 nec
1466 4244 1629 4295 amat
1668 4234 1900 4295 seruilis
1939 4245 2152 4310 arator,

500 4374 637 4423 ²⁰7⁰
686 4368 894 4424 perante
939 4360 993 4411 H
1264 4376 1397 4425 ⁹⁰73
1442 4361 1598 4412 hodie
1640 4368 1785 4413 tutus
1831 4361 1870 4413 S
1959 4368 2102 4415 uitus
2145 4362 2302 4415 hodie
2345 4360 2643 4415 CEHGDT

432 4440 568 4489 2080
601 4438 771 4505 soluo]
793 4439 960 4503 panno
983 4440 1033 4491 D
1229 4454 1363 4503 ⁹⁰94
1396 4440 1510 4505 ipsa
1530 4441 1573 4491 C
