3434 5142
770 485 885 548 172

1463 466 1664 532 VOX
1723 465 2266 532 CLAMANTIS

928 627 1039 686 Est
1078 645 1221 686 nam
1261 625 1537 688 mendaci
1576 626 1707 687 laus
1747 625 2066 688 tribuenda
2105 623 2305 686 nichil.

930 723 1283 786 Fraternalis
1321 743 1491 785 amor
1531 723 1780 786 deberet
1819 733 2064 786 mutuus
2105 743 2258 800 esse,

930 823 1097 883 Inter
1135 841 1241 883 eos
1282 823 1492 882 saltem
1522 841 1675 900 quos
1716 820 1852 900 pius
1893 823 2044 884 ordo
2085 820 2243 899 ligat.
2879 844 2976 882 210

931 920 1074 980 Non
1116 929 1319 980 tamen
1360 920 1479 981 hoc
1519 918 1740 998 patitur
1779 917 2071 981 hodierna
2111 917 2262 994 dies,
2303 928 2394 980 set
2433 917 2498 978 in
2537 916 2689 980 iram

931 1019 1228 1078 Prouocat
1266 1015 1493 1078 invidia
1532 1013 1823 1096 quicquid
1863 1015 2084 1077 amoris
2124 1026 2285 1077 erat:

928 1117 1014 1175 Vt
1054 1115 1165 1176 bos
1206 1113 1569 1194 campestris,
1613 1134 1848 1176 rursum
1889 1114 1994 1193 qui
2035 1114 2295 1175 ruminat
2334 1113 2571 1191 herba,

931 1210 1207 1274 Detrahit
1246 1211 1311 1273 in
1352 1214 1611 1274 claustro
1651 1211 1738 1272 sic
1779 1211 2157 1274 semidemon
2198 1212 2404 1274 homo.
2503 1289 2509 1296 ἱ

930 1308 993 1372 Si
1032 1331 1159 1372 non
1198 1311 1435 1372 corrodi
1474 1309 1586 1386 vis,
1624 1319 1689 1371 tu
1733 1308 2006 1371 corrodia
2045 1311 2209 1372 nulla

896 1409 1097 1470 ‘Inter
1136 1427 1241 1470 eos
1282 1427 1505 1484 sumas,
1544 1419 1635 1470 est
1673 1407 1779 1470 vbi
1817 1427 1950 1470 raro
1991 1409 2179 1470 fides:

932 1507 1097 1567 Dum
1138 1516 1243 1566 tua
1282 1508 1639 1585 deposcunt,
1677 1517 1823 1566 tunc
1864 1515 1926 1568 te
1965 1515 2304 1567 reuerenter
2341 1505 2618 1582 adorant,

937 1606 1041 1666 Set
1079 1603 1178 1666 vix
1216 1604 1267 1666 si
1308 1623 1603 1666 memores
1644 1603 1902 1683 amplius
1943 1623 2077 1666 esse
2117 1605 2344 1665 volunt.

931 1700 1037 1762 Nil
1076 1699 1191 1764 sibi
1231 1704 1399 1780 quod
1440 1701 1687 1763 dederat
1727 1703 1958 1763 confert
1997 1700 2284 1763 fundanio
2325 1699 2540 1782 prima,

931 1797 1021 1860 Sit
1061 1797 1177 1860 nisi
1216 1801 1385 1882 quod
1425 1809 1677 1879 querant
1716 1797 2021 1861 cotidiana
2060 1801 2239 1860 lucra.
2883 1819 2979 1858 κο

933 1898 1209 1976 Denegat
1248 1899 1366 1960 hoc
1405 1896 1585 1971 τεοῖο,
1626 1898 1796 1976 quod
1837 1899 2024 1958 homo
2063 1916 2372 1976 possessor
2410 1907 2659 1976 vterque

931 1996 1013 2055 Et
1053 1995 1367 2058 mendicus
1408 1995 1533 2070 erit,
1576 1997 1730 2057 ordo
1769 2013 1884 2056 nec
1924 1994 2076 2057 illud
2115 1994 2335 2056 habet:

931 2093 1115 2154 Nunc
1154 2103 1356 2154 tamen
1397 2094 1509 2153 hos
1550 2111 1738 2154 vanos
1778 2095 2110 2154 monachos
2151 2091 2338 2154 nichil
2378 2090 2590 2172 implet
2627 2091 2694 2152 in
2733 2090 2893 2163 orbe,

932 2190 1043 2251 Est
1082 2188 1301 2269 quibus
1340 2209 1460 2250 vna
1498 2190 1687 2251 fames
1729 2209 1966 2268 semper
2005 2200 2068 2252 et
2107 2209 2226 2250 vna
2266 2189 2410 2250 sitis·

933 2288 1077 2348 Hoc
1116 2287 1196 2349 de
1237 2285 1542 2348 Ieronimo
1582 2286 1798 2365 legitur
1836 2285 2016 2348 simul
2055 2297 2118 2348 et
2159 2285 2508 2359 Benedicto,

931 2385 1016 2444 Vt
1054 2382 1243 2462 magis
1283 2383 1569 2462 exemplis
1610 2401 2116 2462 consequeremur
2155 2403 2302 2460 eos3

931 2480 1303 2543 Ornamenta
1341 2481 1433 2542 sui
1474 2483 1746 2544 vendunt
1787 2480 2005 2556 altaris,
2047 2492 2110 2543 et
2149 2480 2252 2542 illa

932 2578 1215 2659 Pauperis
1256 2578 1321 2641 in
1360 2579 1555 2642 licitos
1596 2578 1952 2642 distribuere
1993 2579 2180 2642 cibos.

932 2675 1203 2739 Ecclesie
1242 2677 1406 2738 bona
1445 2688 1586 2738 sunt
1624 2676 1894 2756 inopum,
1939 2696 2059 2756 que
2099 2675 2385 2762 religiosis

932 2774 1197 2851 Quando
1237 2793 1485 2835 necesse
1522 2773 1732 2835 vident
1773 2793 1898 2834 non
1939 2768 2192 2836 retinere
2232 2773 2387 2836 licet.
2883 2794 2982 2846 230

1013 2870 1076 2932 Si
1117 2872 1419 2932 monacho
1460 2873 1603 2934 dare
1643 2869 1752 2946 vis»,
1796 2870 1912 2933 sibi
1951 2871 2222 2951 possidet
2261 2891 2443 2934 omne
2483 2873 2650 2950 quod
2690 2871 2882 2944 offerS,

933 2967 1039 3030 Nil
1080 2981 1170 3031 set
1209 2970 1395 3032 habet
1433 2969 1758 3050 proprium,
1803 2969 1854 3032 si
1893 2970 2042 3050 quid
2081 2971 2162 3032 ab
2201 2969 2346 3033 inde
2385 2982 2571 3051 petas.
2811 2973 2814 2978 ’

935 3066 1045 3128 Hii
1086 3078 1226 3129 sunt
1266 3067 1593 3143 manimeS,
1638 3070 1760 3129 hoc
1800 3079 1891 3130 est
1937 3068 2143 3129 animo
2184 3070 2354 3148 quod
2393 3071 2612 3131 eodem

936 3163 1210 3243 Quisque
1250 3184 1427 3226 suum
1467 3164 1774 3245 proprium
1816 3167 1978 3226 solus
2020 3165 2242 3227 habere
2282 3164 2463 3245 cupit.

935 3260 1034 3323 Sic
1074 3281 1456 3342 quecumque
1496 3261 1659 3342 prius
1698 3274 1870 3325 vetus
1911 3264 2062 3324 ordo
2103 3273 2324 3324 statuta
2363 3262 2617 3337 colebat,

932 3358 1186 3420 Mutatis
1226 3358 1457 3421 vicibus
1496 3359 1684 3421 inficit
1726 3361 1877 3421 ordo
1918 3379 2131 3420 nouus·

934 3458 1241 3536 Ingenuos
1280 3477 1412 3518 raro
1453 3457 1801 3520 monachari
1840 3457 2155 3532 cernimus,
2199 3456 2390 3519 immo

935 3553 1166 3617 Ordine
1206 3557 1443 3631 ruraleS,
1487 3567 1627 3617 sunt
1667 3556 1856 3635 magis
1897 3577 2038 3636 ergo
2078 3560 2294 3633 rudes;

935 3653 1107 3729 Quos
1150 3663 1352 3714 tamen
1392 3653 1455 3714 in
1496 3664 1736 3715 sanctos
1779 3667 2020 3716 sanctus
2061 3665 2221 3716 creat
2260 3658 2412 3716 ordo
2451 3655 2767 3734 professos,

937 3749 1048 3810 Hii
1088 3749 1229 3811 satis
1270 3750 1513 3830 ingenui
1554 3762 1695 3812 sunt
1735 3763 1795 3812 et
1837 3753 2067 3814 honore
2105 3752 2316 3832 probi:
2883 3775 2980 3827 240

935 3843 1105 3923 Quid
1144 3846 1341 3908 dicam
1384 3859 1475 3909 set
1514 3848 1619 3923 εἰς,
1661 3847 1878 3926 dignos
1919 3869 2074 3928 quos
2113 3851 2264 3911 ordo
2305 3869 2420 3912 nec
2459 3861 2624 3912 ortus

934 3943 1293 4022 Approbat?
1346 3943 1534 4006 immo
1575 3965 1753 4006 suum
1794 3955 2030 4025 tempus
2071 3946 2251 4008 inane
2289 3949 2504 4008 ferunt.

935 4039 1001 4100 Si
1042 4040 1403 4103 Benedictus
1446 4062 1551 4104 eos
1590 4042 1870 4106 fundauit
1908 4043 2014 4122 qui
2053 4043 2360 4106 maledicti

934 4137 1105 4210 Sunt,
1148 4137 1301 4200 deus
1338 4159 1376 4200 a
1415 4152 1581 4219 parte
1621 4161 1749 4202 non
1789 4140 2096 4204 benedicit
2133 4141 2256 4204 eis:

935 4235 1109 4312 Quos
1149 4234 1336 4314 magis
1378 4238 1612 4299 attraxit
1651 4242 1915 4302 mundus
1958 4259 2140 4320 quam
2183 4238 2429 4315 Cristus,
2473 4250 2664 4302 aratro

937 4333 1018 4394 Et
1056 4343 1214 4394 retro
1252 4332 1593 4414 respiciunt,
1636 4338 1750 4398 hos
1791 4357 1926 4399 mea
1965 4337 2184 4418 scripta
2222 4348 2450 4400 notant.

1690 4453 1790 4502 216
1823 4465 1938 4502 rara
1962 4451 2054 4502 (ΞΕ
