3434 5142
1243 443 1478 552 Lasr
1537 443 1845 508 POEMS
2526 451 2649 528 367

439 1177 721 1314 Orate
767 1194 882 1248 pro
930 1181 1144 1236 anima
1190 1181 1498 1236 Iohannis
1549 1181 1790 1238 Gower.
1868 1182 2247 1253 Quicumque
2306 1183 2474 1240 enirn
2531 1201 2643 1255 pro

614 1267 832 1322 anima
867 1269 1068 1337 ipsius
1100 1268 1412 1324 Iohannis
1457 1269 1684 1324 denote
1721 1271 2022 1338 omiserit,
2058 1272 2307 1327 tociens
2341 1273 2645 1340 quociens

433 1353 604 1409 Mille
645 1355 1030 1423 quingentos
1075 1356 1213 1410 dies
1255 1355 1653 1424 indulgencie
1694 1359 1781 1412 ab
1828 1358 2098 1414 ecclesia
2134 1360 2259 1415 rite
2300 1374 2643 1420 concessos

433 1439 938 1498 misericorditer
965 1443 1033 1496 in
1068 1443 1324 1498 domino
1361 1444 1727 1514 possidebit.

512 1635 632 1693 CH
663 1653 730 1693 as
757 1635 960 1694 above:
1007 1635 1064 1694 G
1092 1653 1161 1692 as
1163 1633 1404 1710 follows
1431 1655 1444 1694 ε

438 1747 868 1883 orantibus
901 1763 1016 1817 pro
1057 1747 1273 1802 anima
1308 1745 1616 1804 Iohannis
1656 1749 1886 1804 Gower
1924 1749 2098 1804 mille
2134 1749 2467 1819 quingenti
2501 1751 2639 1806 dies

611 1835 1006 1903 indulgencie
1029 1835 1524 1890 misericorditer
1547 1837 1615 1890 in
1639 1837 1897 1890 domino
1922 1837 2365 1894 conceduntur.

926 1955 1160 2036 (Shield
1179 1956 1254 2032 of
1265 1977 1428 2016 arms
1453 1958 1628 2016 borne
1652 1960 1723 2032 by
1750 1967 1867 2018 two
1892 1959 2135 2038 angeh.)

675 2087 966 2166 Armiger-i
1008 2098 1243 2148 scutum
1285 2087 1470 2147 nichil
1510 2090 1799 2150 ammodo
1840 2091 1951 2149 fert
1991 2089 2104 2149 sibi
2146 2100 2361 2163 tutum,

593 2185 886 2247 Reddidit
928 2185 1114 2245 immo
1155 2187 1346 2245 lutum
1389 2184 1565 2245 morti
1607 2188 1879 2264 generale
1920 2185 2225 2246 tributum.
2342 2263 2345 2266 ἢ

591 2282 841 2361 Spiritus
883 2294 1126 2342 exutum
1171 2302 1234 2343 se
1276 2284 1533 2359 gaudeat
1573 2302 1704 2344 esse
1746 2285 2023 2355 solutum,

593 2383 704 2441 Est
742 2379 844 2441 vbi
885 2378 1168 2439 virtutum
1211 2399 1458 2457 regnum
1501 2378 1629 2440 sine
1669 2379 1806 2440 labe
1847 2389 2152 2442 statutum.

909 2509 992 2591 (A
1022 2511 1158 2585 bzkr,
1189 2510 1336 2571 with
1362 2511 1561 2570 candle
1587 2517 1656 2570 at
1678 2511 1831 2572 head
1852 2509 2160 2592 andfhot.)

753 3116 1045 3160 ΝΑΝῙΜΕΒ
1087 3119 1218 3161 esse
1260 3099 1364 3178 qui
1406 3104 1608 3162 secula
1647 3101 1817 3162 duxit
1856 3104 1935 3163 ad
1977 3123 2108 3164 esse

793 3201 924 3258 Nos
967 3197 1132 3258 iubet
1173 3218 1463 3276 expresse,
1507 3198 1649 3276 quia
1688 3201 1873 3261 debet
1912 3221 2081 3262 amor
2120 3220 2466 3280 superesse3

585 3299 712 3356 Lex
752 3316 894 3356 cum
935 3295 1060 3356 iure
1096 3297 1287 3370 datur,
1329 3316 1446 3375 pax
1485 3297 1721 3374 gaudet,
1766 3297 1938 3375 plebs
1978 3301 2317 3376 gratulatur,

585 3395 866 3472 Regnum
909 3396 1190 3466 firmatur,
1234 3392 1336 3453 vbi
1376 3413 1548 3453 verus
1590 3412 1759 3452 amor
1802 3394 2178 3455 dominatur:

585 3491 750 3552 Sicut
790 3511 998 3570 yemps
1039 3493 1266 3564 florem,
1309 3489 1527 3550 diuisio
1569 3501 1812 3568 quassat
1853 3511 2135 3564 amorem,

585 3589 786 3649 Nutrit
827 3601 887 3651 et
928 3609 1186 3650 errorem
1229 3587 1400 3666 quasi
1441 3587 1624 3667 pestis
1665 3587 1907 3666 agitque
1948 3590 2235 3650 dolorem.

585 3689 770 3763 Quod
811 3686 1094 3764 precessit
1135 3685 1263 3747 heri
1304 3687 1482 3747 docet
1524 3685 1638 3746 ista
1677 3685 1900 3764 pericla
1938 3685 2149 3760 timeri,

583 3787 666 3844 Vt
707 3784 942 3844 discant
980 3784 1103 3844 veri
1145 3783 1443 3863 sapientes
1485 3785 1645 3844 secla
1686 3783 1929 3843 mederi.

583 3880 766 3942 Filius
808 3881 936 3960 ipse
977 3881 1094 3955 dei,
1139 3892 1342 3942 manet
1381 3880 1444 3940 in
1488 3900 1610 3959 quo
1652 3899 1791 3958 spes
1833 3879 2076 3959 requiei,

585 3981 676 4040 Ex
716 3979 938 4042 meritis
981 3979 1124 4040 fidei
1165 3979 1377 4058 dirigat
1415 3989 1552 4039 acta
1591 3977 1692 4038 rei.
2560 4005 2623 4040 10

1154 4131 1532 4199 Diligamus
1572 4130 1890 4188 invicem.

483 4291 800 4341 ‘Vnanimes
828 4289 973 4339 esse’
1017 4293 1110 4339 διο.
1190 4288 1308 4338 This
1345 4287 1456 4337 and
1488 4289 1566 4339 the
1601 4290 1729 4340 three
1766 4290 2051 4357 remaining
2072 4291 2229 4358 pisces
2260 4307 2345 4343 m
2358 4292 2541 4356 sonmd
2567 4295 2620 4342 ἐκ

415 4368 582 4432 CHG,
609 4367 728 4432 and,
753 4373 910 4432 except
929 4368 1007 4416 the
1025 4365 1213 4428 second,
1240 4367 1346 4416 also
1367 4367 1421 4416 in
1447 4366 1490 4416 E

481 4461 514 4509 5
538 4448 742 4514 marg-fn
767 4447 903 4497 Nota
923 4461 1020 4511 pro
1042 4461 1216 4495 amore
1241 4445 1286 4495 E
1455 4461 1490 4510 9
1513 4444 1650 4511 ipse]
1673 4445 1763 4496 ille
1786 4447 1831 4497 Ε
1898 4447 2181 4510 Diligamus
2202 4447 2422 4497 invicem
2444 4463 2543 4498 om.
2576 4447 2618 4496 F.
