3434 5142
788 431 905 492 174

1488 408 1683 474 Vox
1744 405 2282 472 CLAMANTIS

946 571 1161 645 Debet,
1207 583 1269 630 tu
1312 570 1425 630 nisi
1466 569 1563 641 εἰς,
1608 571 1776 642 orde,
1816 589 2086 630 reuersus
2126 569 2228 629 eiS.

946 668 1007 730 Si
1048 669 1221 730 fuerit
1264 668 1458 748 piscis,
1503 668 1608 746 qui
1648 667 1994 746 postpositis
2037 667 2213 728 maris
2255 667 2432 728 undis

946 770 1175 828 Pascua
1217 770 1293 829 de
1334 778 1487 828 terra
1526 777 1734 844 querat
1777 764 1996 826 habere
2037 785 2160 838 sua,

946 868 1055 926 Est
1096 865 1272 925 nimis
1314 863 1701 944 improprium
1744 861 1923 941 piscis
1966 862 2078 923 sibi
2119 883 2342 942 ponere
2383 882 2624 937 nornen,

948 963 1163 1024 Debeo
1203 975 1293 1024 set
1334 963 1584 1023 monstri
1624 982 1848 1040 ponere
1889 981 2113 1022 nomen
2155 961 2226 1022 ei.

945 1060 1043 1122 Sic
1085 1082 1197 1140 ego
1238 1060 1535 1122 claustrali
1574 1059 1791 1134 dicam,
1837 1060 1939 1137 qui
1981 1060 2198 1138 gaudia
2238 1058 2452 1121 mundi

945 1159 1192 1238 Appetit
1233 1170 1293 1219 et
1334 1161 1655 1219 claustrum
1696 1156 1914 1218 deserit
1955 1157 2098 1218 inde
2140 1177 2332 1231 suum,

944 1258 1087 1316 Non
1129 1255 1237 1317 erit
1278 1255 1377 1316 hic
1418 1256 1752 1315 monachus
1793 1265 1883 1314 set
1923 1266 2194 1333 apostata
2233 1254 2359 1315 iure
2399 1255 2722 1327 vocanduS,

944 1357 1069 1414 Aut
1110 1364 1443 1414 monstrum
1484 1352 1692 1430 templi
1735 1354 1900 1430 quod
1943 1339 2134 1413 notat'
2153 1352 2238 1412 ira
2278 1351 2393 1413 dei.
2891 1375 2989 1427 290

944 1450 1069 1527 Qui
1108 1461 1311 1511 tamen
1352 1449 1413 1510 in
1455 1452 1713 1510 claustro
1755 1449 2032 1523 resident,
2077 1460 2138 1510 et
2180 1460 2380 1511 mente
2420 1459 2701 1527 vagantes

945 1546 1299 1626 Respiciunt
1338 1551 1635 1608 mundum
1676 1546 1874 1608 cordis
1913 1567 2117 1608 amore
2157 1567 2337 1622 noue,

946 1648 1021 1705 In
1062 1645 1191 1706 visu
1233 1645 1465 1707 domini
1505 1647 1652 1706 tales
1694 1643 2047 1724 trangressio
2089 1646 2268 1718 fedat,

945 1746 1087 1820 Quo
1128 1746 1386 1822 perdunt
1426 1743 1666 1804 claustri
1706 1742 1934 1821 premia
1973 1741 2156 1820 digna
2197 1741 2304 1802 sui.

945 1843 1088 1902 Non
1131 1853 1222 1902 est
1261 1840 1360 1901 hic
1400 1840 1636 1918 sapiens
1678 1839 1791 1901 sibi
1835 1839 1937 1918 qui
1980 1841 2142 1901 bona
2181 1840 2450 1919 pluribus
2489 1838 2662 1900 annis

946 1938 1206 2018 Colligit,
1250 1950 1310 2000 et
1352 1941 1481 1999 solo
1523 1937 1772 2016 dissipat
1813 1937 1914 1998 illa
1955 1937 2097 2012 die3

945 2037 1068 2115 Qui
1110 2037 1275 2097 villas
1318 2038 1649 2098 monachus
1691 2047 1752 2098 et
1793 2056 2039 2114 campos
2081 2034 2304 2110 circuit,
2351 2035 2498 2097 illud

946 2135 1157 2215 Sepius
1199 2133 1441 2196 incurrit
1482 2154 1606 2212 quo
1647 2155 1782 2195 reus
1823 2133 1952 2213 ipse
1991 2135 2189 2195 cadit:

946 2236 1098 2296 Sunt
1138 2245 1340 2294 tamen
1380 2235 1459 2294 ad
1501 2253 1744 2311 presens
1786 2232 1978 2311 pauci,
2025 2231 2128 2311 qui
2169 2242 2372 2293 mente
2413 2234 2506 2294 vel
2547 2243 2684 2293 actu

948 2334 1090 2393 Non
1134 2351 1281 2410 vaga
1321 2331 1549 2391 deliciis
1592 2332 1776 2392 corda
1816 2332 2036 2392 dedere
2077 2330 2215 2391 suis
2892 2353 2988 2401 300

950 2429 1190 2490 Dixerat
1230 2430 1345 2489 hec
1387 2430 1688 2502 Salomon,
1734 2426 1994 2488 hominis
2036 2430 2202 2507 quod
2244 2427 2437 2488 inanis
2477 2427 2748 2501 amictuS,

948 2527 1071 2603 Qui
1112 2537 1275 2604 patet
1316 2524 1586 2600 exteriuS,
1630 2525 1910 2586 interiora
1950 2527 2164 2587 docet:

946 2626 1049 2685 Set
1087 2624 1225 2684 licet
1266 2644 1339 2683 ex
1380 2622 1591 2683 humili
1632 2626 1964 2684 monachus
2007 2645 2070 2684 se
2110 2635 2276 2685 veste
2319 2625 2546 2702 figuret,

945 2722 1127 2783 Nunc
1168 2733 1370 2782 tamen
1410 2742 1447 2781 a
1487 2723 1667 2782 latere
1710 2724 1879 2800 plura
1920 2721 2176 2801 superba
2215 2721 2399 2783 vides,

852 2969 971 3026 Hic
1007 2971 1283 3040 loquitur
1315 2972 1394 3026 de
1428 2973 1762 3027 monachis
1803 2973 1930 3027 inis
1973 2972 2078 3040 qui
2115 2986 2246 3026 non
2283 2986 2399 3041 pro
2441 2971 2654 3026 diuino
2693 2971 2983 3036 semicio,

784 3062 885 3114 set
911 3060 1119 3128 magis
1154 3075 1267 3130 pro
1305 3059 1494 3114 huius
1525 3061 1742 3115 mundi
1783 3060 2030 3115 honore
2066 3063 2132 3116 et
2168 3061 2514 3130 voluptate,
2546 3058 2831 3115 habitum
2859 3059 2980 3115 sibi

783 3145 1110 3216 religionis
1146 3150 1494 3202 assumunt.

590 3265 787 3342 Capm.
819 3265 892 3326 vi.

1021 3269 1130 3328 Est
1171 3267 1337 3346 nigra
1377 3287 1591 3328 coruus
1632 3267 1762 3328 auis
1804 3270 2112 3345 predoque
2153 3265 2475 3342 cadaueris
2522 3266 2718 3347 ipsum

950 3365 1149 3440 Quem
1192 3367 1347 3425 male
1388 3364 1659 3443 denigrat
1698 3385 1842 3426 ceca
1881 3364 2070 3425 libido
2111 3376 2367 3425 notans:

954 3463 1079 3524 Sub
1120 3462 1429 3523 volucrum
1470 3461 1669 3541 speeie
1712 3461 2023 3540 descripsit
2062 3460 2265 3540 legifer
2304 3460 2482 3541 ipsos

952 3561 1123 3636 Quos
1165 3561 1507 3620 mundanus
1548 3580 1716 3619 amor
1757 3557 2039 3637 religione
2081 3558 2261 3637 tegit:

950 3658 1137 3717 Hunc
1178 3657 1368 3718 eciam
1409 3656 1597 3734 tangit
1637 3677 1819 3734 quem
1860 3656 2156 3735 religionis
2199 3656 2450 3717 amictus

952 3756 1189 3828 Laruat‚
1234 3767 1295 3814 vt
1337 3755 1479 3815 hinc
1520 3754 1703 3815 cicius
1745 3754 1932 3833 possit
1975 3757 2203 3816 honore
2243 3755 2372 3815 frui.
2897 3778 2992 3826 310

951 3853 1154 3930 Turpe
1194 3872 1377 3930 pecus
1418 3864 1769 3927 monstrum,
1817 3853 2001 3931 turpis
2043 3852 2173 3914 sine
2213 3853 2480 3930 gramine
2519 3873 2784 3933 campus

954 3952 1033 4010 Et
1074 3949 1201 4010 sine
1242 3952 1453 4012 fronde
1494 3953 1700 4025 frutex,
1745 3962 1806 4012 et
1847 3952 1975 4012 sine
2015 3951 2178 4012 crine
2218 3963 2438 4030 caput:

954 4047 1211 4125 Turpior
1252 4058 1342 4108 est
1383 4051 1732 4120 monachus,
1775 4049 2049 4110 habitum
2092 4047 2195 4126 qui
2235 4047 2532 4128 religionis

955 4144 1300 4222 Sumpserit,
1345 4157 1406 4207 et
1446 4147 1728 4209 monachi
1769 4146 2127 4209 condicione
2167 4157 2344 4208 caret.

1068 4341 1168 4390 295
1202 4327 1299 4376 sibi
1323 4344 1425 4378 om.
1456 4329 1495 4378 S
1518 4328 1597 4392 (p.
1622 4331 1715 4392 m.)
1741 4329 1823 4378 vir
1843 4327 2054 4379 inserted
2070 4329 2196 4378 later
2255 4330 2392 4380 bona
2413 4330 2501 4393 qui
2523 4328 2621 4380 sibi
2649 4329 2699 4378 D

1068 4405 1195 4470 Cap.
1218 4406 1286 4457 vi.
1321 4404 1565 4471 Headt'ng
1593 4423 1625 4457 ο
1642 4407 1675 4458 f.
1712 4407 1982 4469 religionis
2003 4407 2103 4458 sibi
2125 4407 2215 4457 ck:
