3434 5142
797 452 921 516 252

1498 431 1701 496 VOX
1757 428 2302 495 CLAMANTIS

965 594 1061 652 Da
1101 592 1348 666 miseris,
1394 602 1601 652 sontes
1642 609 1874 668 respue,
1922 608 2101 668 parce
2137 590 2272 652 reis,

963 690 1271 767 Quicquid
1314 709 1471 768 agaS,
1518 691 1673 750 vicio
1714 707 2046 766 numquam
2089 697 2389 765 mergatur
2428 686 2790 762 honestum3

966 789 1151 847 Fama
1192 788 1376 861 lucre,
1420 785 1600 847 rebus
1642 787 1982 864 preficiatur
2017 803 2190 863 opus.

965 886 1070 945 Nil
1110 885 1237 958 tibi,
1281 904 1401 958 rex,
1448 885 1637 963 fingas
1678 903 1788 962 pro
1829 885 2077 957 munde,
2121 901 2248 962 quo
2287 882 2576 960 reputeris

966 986 1169 1046 Iustus
1210 984 1375 1061 apud
1414 1001 1689 1060 proceres
1731 993 1794 1043 et
1833 1001 1970 1044 reus
2009 993 2151 1044 ante
2190 983 2413 1042 deum:

964 1081 1297 1142 Ecclesiam
1338 1081 1581 1142 studeas
1624 1081 1812 1140 multa
1854 1081 2072 1157 pietate
2115 1080 2335 1152 fouere,

966 1180 1153 1242 Cuius
1194 1181 1361 1240 enim
1402 1177 1679 1256 precibus
1723 1178 1850 1238 vult
1888 1179 2170 1239 diadema
2207 1178 2349 1255 geri.
2911 1195 3016 1248 740
3125 1239 3134 1249 ¹

964 1278 1249 1356 Pauperis
1289 1287 1351 1337 et
1390 1277 1573 1337 vidue
1608 1277 1760 1337 dum
1799 1277 1993 1337 cernis
2033 1277 2246 1338 adesse
2285 1275 2572 1353 querelas,

965 1377 1267 1437 Iudicium
1309 1375 1538 1436 miseris
1578 1393 1720 1434 cum
1760 1377 1983 1452 pietate
2019 1393 2206 1453 geras.

966 1475 1227 1551 Expedit
1267 1475 1568 1534 interdum
1597 1473 1873 1538 ‚sanccita
1912 1473 2214 1533 remittere
2254 1473 2472 1550 legum,

964 1573 1063 1634 Ne
1104 1573 1291 1650 per-iat
1330 1572 1522 1649 pietas
1562 1571 1641 1632 de
1682 1572 1912 1632 feritate
1952 1581 2090 1632 tua:

965 1670 1285 1748 Indulgere
1324 1671 1443 1730 tuis
1484 1681 1587 1729 tua
1624 1669 1713 1729 sic
1755 1669 2032 1746 dignetur
2071 1671 2370 1740 honestae,

966 1770 1127 1831 Nam
1170 1779 1320 1846 puto
1362 1786 1505 1844 sepe
1544 1767 1728 1828 deum
1769 1768 1972 1828 viuere
2013 1767 2166 1828 velle
2207 1784 2392 1826 reum.

964 1867 1079 1927 Par
1118 1885 1363 1944 quoque
1390 1876 1585 1944 portet
1624 1884 1782 1926 onus
1823 1865 1910 1925 sic
1951 1864 2169 1925 nobilis
2209 1875 2392 1941 atque
2429 1863 2700 1935 colonus,

961 1965 1043 2025 Et
1084 1965 1268 2024 nichil
1308 1965 1636 2024 archanum
1676 1963 1907 2042 polluat
1947 1973 2089 2024 ante
2130 1980 2398 2022 manum.

954 2063 1163 2122 Ardua
1202 2063 1253 2123 si
1292 2081 1472 2123 causa
1510 2061 1620 2123 tibi
1662 2063 1754 2134 sit,
1797 2061 2020 2134 videaS,
2065 2061 2206 2138 quia
2245 2071 2406 2120 certe

963 2161 1166 2221 Tarda
1206 2162 1358 2222 solet
1400 2161 1631 2238 magnis
1670 2157 1850 2221 rebus
1893 2159 2089 2220 inesse
2131 2159 2297 2218 fides,
2909 2176 3011 2230 750

960 2257 1172 2318 Rebus
1216 2259 1278 2317 in
1318 2259 1615 2336 ambiguis
1657 2268 1722 2318 tu
1763 2268 1993 2318 certum
2037 2275 2262 2335 ponere
2303 2255 2445 2331 noli,

964 2358 1211 2418 Fallitur
1250 2359 1499 2434 augurio
1538 2375 1675 2434 δρα
1717 2356 1881 2416 bona
1919 2373 2064 2432 sepe
2105 2373 2252 2416 suo:

968 2455 1079 2514 Est
1118 2455 1307 2532 magis
1348 2454 1596 2514 humani
1635 2454 1868 2531 generis
1910 2453 2134 2514 iactura
2173 2452 2384 2525 dolori,

965 2551 1174 2611 Nescit
1200 2551 1570 2628 principium
1612 2551 1763 2628 quid
1803 2550 1920 2611 sibi
1961 2551 2097 2612 finis
2137 2561 2288 2628 aget.

964 2648 1131 2708 Dum
1171 2648 1280 2709 tibi
1322 2649 1533 2709 suadet
1574 2667 1728 2725 opus
1769 2658 2019 2709 tractare
2059 2647 2308 2726 negocia
2347 2649 2528 2726 regni,
2643 2651 2652 2662 '

963 2746 1298 2808 Consilium
1341 2755 1503 2823 regat
1544 2746 1662 2806 hoc
1700 2765 1844 2806 curn
1887 2739 2120 2808 seniore
2161 2765 2361 2807 senex.

963 2842 1090 2903 Ibit
1128 2843 1192 2903 in
1233 2861 1517 2904 oceasum
1559 2843 1850 2921 quicquid
1891 2843 2162 2906 dicemus
2203 2844 2282 2904 ad
2323 2854 2538 2916 ortum,

965 2940 1198 3018 Lingua
1238 2942 1458 3018 loquax
1498 2941 1770 3002 habitum
1813 2941 2040 3002 nesciat
2087 2959 2228 3018 ergo
2273 2952 2460 3000 tuum.

964 3039 1302 3101 Consilium
1344 3057 1596 3117 prauum
1636 3040 1894 3116 regalem
1935 3039 2136 3099 turbat
2177 3039 2483 3111 honorem,

964 3135 1262 3197 Prouocat
1304 3137 1488 3213 inque
1530 3137 1886 3214 scelusque
1927 3137 2090 3198 bona
2128 3137 2294 3215 pacis
2336 3147 2524 3196 erant.
2683 3157 2689 3164 ·
2909 3143 3010 3207 760

1047 3233 1187 3293 Iura
1228 3232 1399 3294 dabit
1438 3235 1667 3312 populo
1708 3236 1924 3308 senior,
1967 3233 2345 3310 discretaque
2384 3235 2554 3293 iustis

964 3329 1229 3409 Legibus
1268 3342 1361 3392 est
1400 3341 1526 3393 etas
1567 3333 1726 3393 vnde
1767 3343 1998 3410 petatur
2039 3333 2248 3393 honor.

963 3430 1073 3489 Est
1114 3431 1256 3492 satis
1295 3431 1395 3490 ille
1436 3447 1635 3504 senex,
1676 3431 1850 3491 cuius
1890 3431 2190 3508 sapiencia
2229 3449 2472 3491 sensum

962 3529 1189 3588 Firmat
1230 3528 1290 3587 in
1332 3539 1509 3603 etate,
1552 3529 1629 3590 sit
1669 3530 1811 3591 licet
1851 3531 1979 3606 ipse
2019 3531 2231 3591 minor.

965 3625 1108 3685 Non
1150 3623 1393 3686 stabiles
1432 3627 1667 3687 animos
1706 3638 1936 3688 veteres
1977 3629 2201 3688 fatuam
2243 3619 2316 3687 ire
2357 3627 2664 3688 iuuentam

963 3722 1334 3799 Comprobo,
1378 3743 1503 3784 non
1544 3734 1670 3786 etas
1712 3725 1800 3784 sic
1839 3743 1948 3785 sua
1988 3726 2116 3785 iura
2153 3725 2364 3786 dedit:

964 3821 1041 3881 In
1082 3839 1227 3882 sene
1266 3823 1625 3884 multociens
1664 3833 1780 3884 stat
1820 3824 2100 3885 condicio
2140 3825 2434 3898 iuuenilis,

964 3919 1131 3978 Dum
1174 3920 1409 3981 iuuenis
1448 3939 1645 3981 mores
1686 3919 1920 3981 obtinet
1959 3920 2090 3998 ipse
2129 3921 2306 3982 senis.

962 4013 1227 4076 Caucius
1268 4035 1410 4095 ergo
1452 4025 1673 4078 statum
1713 4017 1938 4090 videas»,
1981 4019 2080 4096 pie
2123 4037 2245 4094 rex,
2283 4017 2364 4078 ad
2404 4026 2761 4096 vtrumque3

963 4113 1145 4174 Vnde
1184 4113 1345 4192 legas
1386 4116 1681 4191 homineS,
1726 4126 1792 4176 tu
1833 4115 1997 4193 prius
2037 4126 2170 4176 acta
2210 4115 2419 4194 proba.
2905 4133 3005 4189 770

964 4210 1091 4286 Qui
1130 4210 1241 4272 tibi
1282 4212 1601 4273 seruicium
1642 4213 1853 4291 prebet
1882 4231 1996 4274 nec
2037 4213 2257 4275 invtilis
2297 4231 2508 4276 aurum

964 4309 1229 4385 Appetit¹
1272 4309 1373 4370 hic
1414 4328 1620 4372 seruus
1660 4311 1884 4374 debeat
1924 4329 2056 4374 esse
2094 4320 2274 4374 tuus:

924 4435 1021 4483 743
1053 4418 1272 4472 sanctita
1296 4420 1391 4472 ΒΤ
1452 4422 1713 4476 sancciata
1735 4422 1779 4473 L
1976 4425 2073 4488 765
2105 4423 2277 4475 fatuos
2299 4439 2362 4474 ve
2381 4423 2430 4474 C
2493 4429 2716 4476 statuam
2739 4439 2804 4474 ve
2827 4423 2872 4474 E
