3434 5142
1187 470 1470 535 LIBER
1530 470 1903 537 SEXTUS
2518 478 2645 558 265

606 630 831 693 Omne
871 630 1062 707 quod
1103 640 1210 692 est
1249 631 1394 709 regi
1434 632 1777 709 placitum
1817 648 1957 692 non
2000 631 2284 710 expedit
2325 632 2447 707 illi,

604 728 762 804 Que
803 726 939 788 sibi
983 728 1131 788 iura
1170 725 1435 802 volunt,
1476 728 1747 806 absque
1788 729 2017 807 rigore
2056 728 2315 788 licent:

605 826 788 885 Mira
827 836 1063 902 potest
1104 826 1288 903 regis
1329 844 1454 904 pro
1494 812 1813 902 tempore
1852 826 2035 887 ferre
2074 835 2409 903 potestas

603 921 799 980 Vana
840 932 1073 984 tamen
1116 923 1274 982 finis
1316 919 1732 999 comprobat
1770 932 1927 982 acta
1968 923 2157 983 satiS.

602 1017 674 1077 Si
715 1018 1016 1097 positqu
1057 1020 1260 1079 lance
1299 1020 1390 1079 sit
1431 1037 1610 1079 onus
1649 1037 1805 1080 cum
1848 1020 2029 1097 regis
2071 1020 2353 1095 honore,

605 1115 764 1175 Non
805 1116 1031 1175 honor
1071 1126 1177 1176 est
1217 1126 1456 1177 tantus
1497 1116 1684 1177 sicut
1725 1114 2025 1177 habetur
2064 1136 2259 1178 onuS.

604 1212 753 1272 Rex
794 1211 932 1273 sibi
973 1214 1383 1275 commissas
1423 1216 1620 1292 regni
1661 1232 2087 1291 componere
2128 1215 2321 1293 leges

603 1308 856 1383 Debet,
900 1318 968 1369 et
1007 1328 1044 1370 a
1085 1311 1284 1371 nullo
1324 1312 1579 1372 tollere
1619 1312 1769 1372 iura
1808 1312 1993 1373 viro:

603 1406 809 1467 Nunc
851 1415 1084 1468 tamen
1123 1407 1194 1467 in
1236 1406 1444 1485 plebe
1483 1426 1614 1470 vox
1654 1418 1781 1484 est,
1823 1409 2012 1487 quod
2052 1411 2435 1473 deficiente

604 1504 790 1581 Lege
830 1505 1037 1566 dolus
1079 1506 1236 1566 iura
1275 1506 1607 1567 vendicat
1647 1524 1801 1569 esse
1841 1526 1999 1570 sua:
2510 1520 2639 1571 1180

603 1602 720 1663 Sic
759 1602 944 1663 bona
982 1604 1267 1665 iusticie
1308 1606 1498 1666 fraus
1537 1616 1819 1683 compta
1858 1606 2228 1683 subintrat,
2271 1618 2341 1669 et
2382 1606 2549 1669 inde

607 1701 847 1762 Inficit
886 1702 1236 1762 occultam
1275 1703 1386 1763 lex
1426 1703 1772 1764 hodierna
1812 1704 2035 1765 fidem.

604 1798 764 1874 Quo
805 1798 914 1859 lex
955 1799 1286 1875 decessit,
1327 1817 1518 1862 error
1557 1800 1696 1861 sibi
1738 1818 1949 1879 regna
1989 1802 2342 1880 repressit,

602 1895 808 1956 Vnde
847 1897 1052 1957 decet
1094 1914 1322 1973 regem
1365 1915 1628 1975 ponere
1666 1898 1839 1957 iuris
1880 1915 2101 1975 opem.

685 1992 744 2055 Ο
786 2010 921 2067 rex,
964 2010 1129 2071 ergo
1167 1993 1270 2053 tui
1311 1995 1638 2072 detergas
1678 1995 1973 2055 crimina
2012 1996 2231 2074 regni,

605 2089 696 2149 Et
736 2106 896 2167 rege
937 2089 1288 2150 discretus
1329 2108 1466 2168 que
1503 2090 1638 2151 tibi
1679 2091 1931 2152 suadet
1969 2108 2181 2170 opus:

607 2188 892 2247 Perdita
930 2197 1282 2248 restaures
1322 2189 1723 2248 communia
1762 2188 1929 2261 iura,
1975 2208 2109 2267 que
2149 2190 2341 2268 leges

604 2282 714 2345 Ad
754 2301 1041 2363 regnum
1081 2302 1351 2358 reuoca,
1395 2287 1660 2347 crimen
1701 2294 1771 2347 et
1811 2304 2016 2348 omne
2057 2289 2233 2366 fuga.

603 2551 937 2613 Consilium
979 2552 1212 2611 nullum
1250 2559 1314 2611 te
1352 2558 1593 2629 tangere
1633 2550 1822 2629 possit
1862 2550 2153 2629 iniquum,

603 2651 738 2708 Rex
778 2668 892 2709 nec
933 2650 996 2708 in
1038 2649 1152 2710 hac
1191 2659 1345 2709 terra
1383 2649 1651 2726 proditor
1690 2666 1822 2709 esse
1863 2660 2004 2725 tua3

603 2746 804 2809 Omne
844 2746 1070 2806 malum
1111 2747 1302 2819 cedat,
1347 2765 1426 2805 ne
1467 2745 1666 2807 ledere
1707 2747 1913 2824 possit,
1957 2757 2017 2806 et
2058 2765 2240 2807 omne
2354 2778 2360 2783 ·

605 2844 715 2905 Est
755 2844 920 2922 quod
962 2846 1024 2903 in
1064 2844 1211 2905 orbe
1250 2843 1496 2918 bonum,
1541 2844 1644 2905 det
1683 2844 1834 2904 deus
1874 2862 2005 2905 esse
2046 2854 2235 2906 tuum.

685 2942 742 3003 Ο
784 2941 912 3016 tibi,
957 2942 1108 3015 Rex,
1149 2960 1265 3001 euo
1305 2942 1498 3013 detur,
1537 2941 1870 3015 fortissime,
1916 2950 2123 3003 nostro

604 3040 852 3115 Semper
891 3040 1181 3100 honorata
1220 3048 1422 3116 ceptra
1461 3050 1664 3099 tenere
1704 3057 1925 3114 manu3

605 3138 769 3197 Assit
811 3147 870 3197 et
913 3138 1013 3198 illa
1056 3138 1203 3209 dies,
1247 3155 1367 3215 qua
1407 3146 1491 3208 tu,
1536 3136 1932 3213 pulcherrime
1973 3139 2231 3215 Regum,

605 3236 880 3311 Quatuor
920 3236 982 3294 in
1025 3235 1216 3294 niueis
1257 3252 1472 3295 aureus
1512 3232 1628 3294 ibis
1667 3234 1855 3309 equis.

605 3334 816 3409 Qualis
857 3341 919 3392 et
958 3333 1213 3409 Augusti
1256 3350 1447 3409 nuper
1486 3332 1767 3407 preconia
1810 3332 2011 3392 Rome

604 3416 935 3491 Extit⁰erant
973 3430 1168 3491 laudis
1209 3431 1329 3491 sint
1369 3428 1714 3489 renouanda
1756 3428 1883 3491 tibi.
2476 3431 2636 3491 1180*

602 3529 837 3605 Augeat
875 3528 1193 3605 imperium
1233 3528 1420 3587 nostri
1460 3526 1649 3597 duciS,
1690 3536 1906 3605 augeat
1942 3544 2153 3601 annOS,

605 3628 882 3705 Protegat
923 3637 983 3687 et
1023 3636 1254 3687 nostras
1293 3634 1469 3685 aucta
1508 3643 1731 3685 corona
1770 3624 1962 3687 sores:

605 3726 736 3785 Stes
776 3725 984 3802 magiS,
1028 3741 1068 3784 o
1109 3724 1206 3800 pie
1247 3723 1398 3795 Rex,
1441 3722 1672 3782 domito
1713 3720 1986 3783 sublimis
2028 3722 2090 3782 in
2132 3720 2297 3795 orbe,

603 3822 960 3899 Cunctaque
997 3822 1117 3882 sint
1157 3821 1419 3880 humeris
1458 3819 1737 3880 inferiora
1774 3820 1911 3880 tuis.

603 3921 742 3995 Que
782 3920 970 3996 magis
1010 3928 1212 4006 eterne
1253 3927 1393 3977 sunt
1431 3917 1624 3977 laudis
1663 3934 1937 3977 summus
1978 3914 2057 3977 ab
2096 3916 2218 3977 alto

600 4019 798 4076 Aurea
839 4018 943 4077 det
982 4018 1188 4078 dextre
1226 4012 1451 4093 fulgida
1490 4024 1692 4090 ceptra
1733 4023 1872 4075 tue:

601 4115 726 4191 Qui
767 4113 876 4174 tibi
917 4116 1108 4192 prima
1147 4114 1330 4185 dedit,
1372 4112 1687 4173 confirmet
1727 4113 1943 4190 Regna
1983 4112 2181 4185 futuri,

599 4213 684 4273 Vt
724 4214 943 4290 poteris
985 4231 1205 4289 magno
1245 4228 1496 4288 magnus
1536 4211 1769 4271 honore
1809 4209 1938 4269 frui.

507 4376 666 4439 1171*
700 4383 752 4425 te
773 4383 988 4439 tangere
1012 4376 1058 4426 T
1123 4376 1409 4439 detangere
1433 4374 1529 4423 DL
1679 4373 1837 4435 1178*
1872 4373 2043 4425 aureis
2065 4373 2116 4422 D
2257 4372 2413 4423 1180*
2448 4377 2570 4421 sunt
2592 4371 2643 4420 D

440 4456 597 4506 ηδε*
629 4455 768 4507 foras
792 4456 841 4505 D
