3434 5142
761 436 881 517 158

1467 432 1664 498 VOX
1720 430 2105 496 CLAMAN
2110 432 2263 496 TIS

923 594 1167 653 Fractus
1209 611 1314 671 pes
1355 601 1416 651 et
1455 592 1640 651 fracta
1678 610 1893 651 manus
1932 600 2239 669 reputatur
2276 589 2339 651 in
2380 590 2501 665 illo,

922 689 1046 768 Qui
1084 691 1304 751 claudo
1343 688 1511 768 peior
1551 689 1744 749 tardat
1782 689 1863 749 ad
1904 707 2087 749 omne
2128 688 2395 749 bonum:

923 788 1048 849 Hic
1089 800 1178 849 est
1217 788 1522 867 gibbosuS,
1563 806 1748 864 quem
1788 786 2002 847 mundi
2042 786 2273 847 sarcina
2310 799 2537 862 cunrat,

922 884 1181 946 Lumina
1219 905 1333 946 nec
1373 882 1572 947 cordis
1609 904 1849 945 summa
1885 883 2088 945 videre
2127 884 2303 946 sinit:
2836 900 2967 951 1880

922 984 1204 1062 Corporis
1245 983 1309 1044 in
1350 982 1550 1045 scabie
1591 1002 1881 1043 succensa
1919 982 2110 1045 libido
2150 995 2406 1059 notatur,

923 1085 1066 1161 Que
1101 1095 1378 1163 corrupta
1416 1102 1528 1144 suo
1567 1080 1817 1143 crimine
1857 1083 2027 1162 plura
2066 1082 2222 1143 facit.

1004 1181 1293 1243 Predictis
1333 1179 1498 1242 viciis
1540 1180 1591 1240 si
1631 1179 1765 1258 quis
1808 1198 1873 1239 se
1912 1179 2139 1241 senciat
2178 1200 2401 1258 egram,

925 1282 1052 1341 Lex
1091 1278 1258 1341 iubet
1297 1290 1362 1339 vt
1399 1297 1619 1357 panem
1660 1298 1787 1338 non
1827 1288 2017 1339 sacret
2057 1276 2157 1339 ille
2196 1279 2333 1338 deo,

925 1378 1053 1439 Oza
1093 1396 1304 1437 manus
1346 1378 1600 1437 tendens
1639 1374 1893 1437 accessit
1930 1386 1995 1435 vt
2034 1374 2217 1454 erigat
2255 1377 2514 1450 archam,

923 1476 1027 1537 Set
1065 1474 1243 1535 nimis
1283 1476 1576 1535 audacem
1617 1493 1779 1534 mors
1821 1472 1933 1534 suit
1972 1475 2093 1533 vita
2132 1493 2418 1534 manum:

924 1573 1092 1634 Hin'c
1133 1572 1272 1634 ideo
1313 1572 1523 1633 dicunt
1561 1570 1849 1632 meruisse
1888 1590 2119 1645 necem,
2162 1570 2307 1649 quia
2342 1584 2523 1634 nocte

923 1674 1251 1733 Transacta
1289 1669 1496 1730 cohitu
1537 1667 1807 1747 coniugis
1846 1688 1987 1729 vsus
2012 1680 2155 1729 erat.

927 1770 1276 1831 Declaratur
1315 1766 1378 1827 in
1419 1769 1552 1841 hoe,
1599 1768 1767 1844 quod
1807 1766 1913 1843 qui
1952 1768 2217 1845 pollutus
2256 1768 2337 1829 ad
2376 1788 2541 1830 aram

800 1842 804 1847 ’
923 1867 1209 1938 Accedat,
1253 1864 1460 1925 mortis
1499 1866 1746 1925 vulnere
1784 1863 2003 1942 dignus
2044 1864 2194 1926 erit:
2834 1880 2965 1943 1890

925 1963 1346 2043 Experimenta
1385 1963 1626 2036 docent,
1671 1964 1839 2041 quod
1878 1962 1959 2023 ab
1998 1965 2119 2023 hoc
2158 1964 2463 2043 detergere
2502 1966 2710 2027 sordes

925 2064 1091 2123 Feda
1131 2080 1343 2122 manus
1385 2060 1591 2135 nescit,
1635 2062 1785 2122 dum
1826 2070 1991 2122 tenet
2032 2060 2135 2121 ina
2172 2063 2383 2121 lutum.

926 2159 1223 2221 Presbiter
1263 2171 1353 2220 est
1391 2158 1590 2220 dictus
1630 2159 1887 2237 prebens
1928 2158 2059 2219 aliis
2100 2159 2225 2233 iter,
2270 2169 2331 2221 et
2370 2158 2423 2219 si

927 2261 1114 2332 Erret,
1157 2268 1303 2318 tunc
1343 2269 1538 2318 errant
1579 2258 1800 2318 ducere
1840 2276 2115 2335 quosque
2154 2268 2341 2335 putat.

927 2358 1098 2417 Dans
1138 2375 1304 2417 sacra
1343 2355 1470 2416 siue
1511 2357 1757 2428 docenS,
1800 2365 1971 2415 notat
2009 2353 2125 2415 ista
2161 2357 2417 2433 loquela,
2462 2358 2741 2418 sacerdos

926 2453 991 2516 Si
1029 2456 1221 2515 malus
1263 2464 1370 2527 est,
1413 2452 1514 2513 ulii
1555 2463 1696 2513 sunt
1736 2452 1927 2530 magis
1962 2452 2105 2513 inde
2144 2452 2305 2513 mali.

925 2554 1072 2614 Non
1113 2551 1242 2612 sine
1283 2562 1399 2612 stat
1437 2570 1582 2611 cura
1620 2550 1989 2629 quicumque
2028 2552 2329 2629 professus
2368 2550 2433 2612 in
2473 2551 2653 2613 huius

927 2649 1171 2712 Ordinis
1212 2660 1304 2710 est
1343 2668 1540 2727 opere,
1581 2648 1634 2709 si
1674 2649 1833 2710 bene
1872 2660 2070 2709 seruet
2108 2668 2299 2728 opus:

928 2751 1088 2827 Ergo
1128 2747 1289 2827 prius
1331 2747 1535 2808 videas
1576 2746 1681 2824 qui
1722 2747 2009 2809 scandere
2048 2746 2155 2822 viS,
2198 2758 2261 2808 et
2300 2746 2365 2807 in
2404 2745 2573 2808 illum

927 2846 990 2909 Si
1029 2848 1300 2920 scandas,
1345 2844 1526 2905 facias
1567 2864 1687 2923 que
1728 2844 1899 2905 iubet
1936 2846 2088 2907 ordo
2130 2856 2304 2905 tuus:
2838 2870 2966 2923 1900

927 2946 1072 3005 Non
1113 2944 1307 3005 solum
1351 2942 1582 3017 faciem,
1627 2962 1823 3003 mores
1862 2954 1955 3003 set
1994 2944 2203 3003 confer
2242 2955 2305 3004 et
2342 2954 2513 3018 arteS,

926 3041 1210 3105 Proficias
1251 3040 1406 3102 curis
1447 3062 1521 3102 ex
1561 3039 1780 3119 quibus
1822 3040 1951 3119 ipse
1992 3041 2127 3101 tuis,

835 3238 953 3294 Hic
977 3238 1254 3307 loquitur
1273 3238 1436 3307 quod
1454 3241 1596 3293 etas
1610 3236 1941 3303 sufficiens,
1956 3237 2323 3306 priusquam
2338 3238 2599 3306 gradum
2616 3240 2965 3294 sacerdocii

763 3328 890 3383 eibi
912 3329 1222 3390 assumat,
1247 3326 1315 3379 in
1349 3326 1603 3380 homine
1641 3325 2013 3394 requiritur:
2049 3326 2328 3395 loquitur
2362 3326 2563 3381 eciam
2599 3326 2676 3381 de
2709 3340 2965 3382 enorum

763 3430 992 3471 rasura
1017 3415 1300 3485 pilorum,
1331 3416 1399 3469 et
1424 3414 1580 3469 dicit
1603 3414 1767 3482 quod
1790 3414 1955 3469 talia
1978 3414 2047 3467 in
2076 3414 2325 3482 signum
2350 3414 2663 3469 mundicie
2696 3418 2765 3471 et
2789 3430 2968 3469 eunc-

765 3505 982 3559 tItatis
1023 3503 1384 3573 specialiter
1425 3502 1797 3571 presbiteris
1840 3503 2255 3558 conueniunt:
2308 3503 2463 3558 dicit
2498 3503 2766 3559 vlteriue
2805 3504 2967 3573 quod

763 3592 1097 3663 preebsterl
1120 3608 1163 3646 a
1186 3590 1371 3645 bools
1393 3605 1525 3645 non
1549 3590 1780 3645 debent
1805 3605 1946 3647 esee
1974 3590 2267 3659 operibus
2290 3592 2506 3645 ociosi.

505 3706 700 3783 Capm.
731 3702 882 3765 xxvi.

1007 3704 1210 3779 Quam
1249 3701 1412 3781 prius
1453 3712 1733 3775 assumat,
1780 3712 2011 3763 matura
2048 3700 2361 3780 requiritur
2401 3713 2543 3776 etas,

931 3800 1226 3863 Presbiter
1267 3799 1546 3875 officium,
1591 3803 1803 3887 plenus
1844 3811 1908 3861 vt
1949 3800 2078 3879 ipse
2118 3812 2321 3879 regat:

929 3900 1090 3959 Nam
1131 3900 1243 3959 flos
1283 3896 1456 3959 etatis
1497 3897 1813 3977 temptanti
1850 3896 2125 3977 congruit
2165 3896 2323 3961 hosti
2334 3942 2341 3949 -
2344 3920 2367 3975 3

931 3994 1142 4057 Carnis
1184 4006 1244 4057 et
1284 3996 1456 4057 etatis
1495 3998 1686 4057 feruet
1727 4008 1975 4074 vterque
2014 3998 2214 4057 calor:

932 4095 1066 4153 Iam
1106 4113 1260 4171 quos
1300 4106 1471 4155 vexat
1511 4096 1590 4155 ad
1632 4096 1754 4154 hue
1795 4104 1999 4155 tenere
2038 4093 2285 4155 Luscinia
2322 4092 2517 4155 carnis

838 4204 968 4264 1890
997 4200 1230 4251 Accedat
1251 4202 1338 4252 St.
1399 4202 1620 4253 Accedit
1641 4202 1890 4254 CEHGD
2004 4195 2009 4201 ¹

831 4280 1076 4345 Headt'ng
1103 4294 1136 4342 5
1153 4280 1186 4327 f.
1223 4295 1254 4329 a
1274 4280 1424 4330 bonis
1448 4296 1553 4330 non
1577 4282 1771 4332 debent
1797 4282 2040 4345 operibus
2069 4297 2189 4333 esse
2211 4280 2302 4332 CB
2382 4298 2414 4331 n
2436 4280 2586 4333 bonis
2607 4280 2847 4347 operibus
2866 4298 2971 4331 non

767 4360 962 4410 debent
981 4373 1094 4407 esse
1119 4358 1162 4407 L
1231 4374 1264 4407 a
1283 4358 1431 4407 bonis
1455 4360 1694 4421 operibus
1715 4375 1821 4408 non
1848 4375 1967 4410 esse
1992 4360 2041 4409 D

839 4452 965 4502 19⁰7
999 4437 1066 4486 nd
1088 4438 1190 4487 huc
1213 4435 1348 4487 SGT
1413 4437 1580 4486 adhuc
1601 4437 1851 4487 CEHDL

3412 635 3433 720 m-
