3434 5142
1205 481 1490 547 LIBER
1548 482 1963 549 TERcms
2566 504 2684 565 159

643 640 946 719 Improba,
990 651 1256 719 pastores
1295 660 1422 703 non
1461 642 1638 701 decet
1677 660 1810 703 esse
1848 639 2055 719 gregis·

641 740 724 798 Vt
765 758 1007 817 regnare
1048 740 1167 800 deo
1205 737 1454 817 possint,
1497 738 1613 799 sibi
1653 758 1786 801 rasa
1825 758 2049 800 corona
2528 806 2537 815 ,

641 837 870 911 Restat,
915 848 975 897 et
1015 848 1078 897 vt
1118 838 1276 897 sacta
1313 836 1609 898 nobiliora
1647 848 1871 915 gerant.
2556 862 2682 915 1910

641 934 902 995 Radices
941 955 1068 995 non
1107 934 1356 1013 extirpat
1396 955 1598 997 rasura
1635 933 1909 1013 pilorum,

641 1033 744 1093 Set
783 1032 900 1111 rasi
941 1044 1216 1093 crescunt
1255 1032 1712 1111 multiplicando
1754 1031 1977 1111 magis:

639 1128 738 1190 Sic
778 1130 918 1191 licet
957 1133 1215 1209 expellas
1255 1150 1468 1191 omnes
1506 1131 1587 1192 de
1626 1142 1869 1209 pectore
1910 1142 2127 1205 motu&

639 1229 698 1287 N
703 1247 785 1287 on
825 1239 1028 1289 tamen
1067 1230 1182 1291 hec
1223 1228 1460 1307 penitus
1501 1240 1718 1289 cuncta
1758 1231 1959 1307 fugare
2000 1242 2208 1307 potes:

641 1326 786 1385 Non
826 1324 910 1385 ita
950 1346 1114 1387 rasus
1156 1324 1287 1400 eris,
1333 1325 1482 1404 quin
1523 1346 1761 1403 semper
1801 1328 1984 1387 habet
2024 1346 2165 1389 caro
2206 1346 2508 1405 pugnam3

640 1424 813 1483 Intus
855 1423 1041 1484 habes
1083 1444 1222 1484 eum
1265 1444 1388 1502 quo
1427 1423 1612 1503 prelia
1651 1444 1889 1503 semper
1928 1444 2084 1503 agas,

720 1520 783 1582 Si
823 1522 1070 1600 quando
1111 1523 1407 1583 mundum
1447 1521 1654 1599 fugioe,
1697 1542 1737 1583 a
1776 1524 2023 1601 puluere
2064 1520 2277 1584 mundi

639 1620 908 1681 Persecte
949 1640 1131 1699 purus
1173 1640 1297 1681 non
1339 1632 1511 1698 potes
1551 1640 1684 1681 esse
1725 1630 1965 1681 tamen:

639 1716 699 1776 N
701 1735 817 1789 am,
861 1719 1001 1778 licet
1042 1717 1268 1779 eniteas
1307 1717 1557 1779 summis
1597 1716 1929 1791 virtutibus,
1972 1736 2186 1779 omnes

642 1814 734 1873 Ex
773 1813 978 1875 animo
1018 1818 1225 1895 culpas
1265 1835 1391 1877 non
1433 1835 1698 1877 reseca-re
1739 1817 1917 1877 valeS.
2549 1839 2681 1892 1920

641 1910 736 1971 Fit
777 1922 979 1973 tamen
1021 1934 1094 1975 ex
1133 1913 1395 1975 minimis
1436 1915 1550 1975 hec
1592 1933 1775 1992 quam
1816 1912 2033 1975 retines
2076 1911 2186 1974 tibi
2226 1915 2417 1992 culpa,

640 2010 737 2069 Ne
777 2020 882 2070 tua
921 2030 1094 2072 mens
1134 2023 1378 2085 tumeat,
1420 2012 1570 2073 dum
1613 2012 1777 2073 bona
1816 2012 2005 2071 multa
2042 2009 2232 2089 geris:

639 2108 733 2167 Ex
773 2107 876 2167 tali
915 2111 1094 2188 culpa
1132 2108 1242 2169 tibi
1282 2108 1532 2171 soluitur
1571 2127 1712 2186 ergo
1753 2107 2059 2183 tributum,

638 2206 723 2264 Vt
763 2216 868 2266 tua
907 2226 1078 2267 mens
1119 2218 1337 2285 paueat
1377 2206 1514 2267 labe
1553 2226 1817 2267 remorsa
1858 2204 2041 2265 breui.

639 2304 794 2382 Sepe
835 2304 996 2365 cadit
1035 2304 1243 2378 iustus,
1287 2303 1503 2383 fragilis
1545 2303 1687 2382 quia
1726 2303 1813 2364 vir
1854 2313 2059 2365 manet
2092 2302 2306 2378 omniS,

619 2403 738 2463 ·Ne
778 2402 957 2463 nimis
999 2405 1216 2465 exaltet
1255 2403 1442 2481 gloria
1481 2422 1636 2465 vana
1674 2403 1904 2463 virum:

639 2500 762 2577 Qui
803 2500 1013 2561 leuiter
1051 2500 1286 2575 cecidit,
1331 2512 1394 2563 vt
1436 2512 1634 2579 surgat
1673 2499 1911 2574 sorcius
1955 2499 2054 2561 ille

640 2598 862 2660 Casum
906 2598 1141 2660 felicem
1183 2598 1429 2678 suscipit
1467 2610 1608 2661 ante
1648 2600 1851 2660 deum.

639 2696 770 2755 Lux
810 2695 952 2757 estis
993 2695 1222 2771 mundi,
1264 2708 1355 2757 set
1396 2717 1520 2758 non
1560 2696 1799 2776 penitus
1839 2695 1969 2757 sine
2008 2698 2192 2770 sume,

640 2795 802 2854 Nam
843 2793 972 2856 sine
1012 2806 1263 2873 peccato
1305 2794 1506 2856 viuere
1546 2796 1745 2855 nullus
1787 2795 2013 2857 habet:
2548 2817 2681 2870 1930

638 2892 794 2969 Sepe
835 2891 982 2951 boni
1023 2894 1246 2954 fructus
1288 2903 1429 2973 post
1467 2904 1901 2972 temptamenta
1942 2903 2245 2970 sequntur,

641 2990 1108 3068 Mercedemque
1149 3011 1318 3052 suam
1361 2991 1546 3069 prelia
1583 2990 1778 3053 carnis
1820 2991 2062 3052 habent.

717 3088 880 3148 Vtile
919 3107 1140 3167 nempe
1180 3090 1330 3149 foret
1371 3108 1544 3151 seuas
1585 3089 1926 3167 extinguere
1966 3090 2257 3163 flamma,

639 3186 720 3244 Et
758 3204 972 3245 sanum
1011 3184 1148 3247 vicii
1189 3197 1398 3264 pectus
1439 3188 1660 3249 habere
1701 3198 1913 3247 tuum:

639 3283 738 3343 Ne
777 3281 1020 3343 videant
1060 3283 1220 3343 oculi
1261 3302 1368 3361 per
1407 3285 1574 3361 quod
1615 3294 1997 3361 temptentur,
2040 3293 2103 3343 et
2141 3302 2313 3343 aures

638 3380 886 3453 obtura,
930 3380 1068 3442 vicii
1107 3401 1186 3443 ne
1227 3400 1412 3442 sonus
1451 3380 1628 3443 intret
1667 3379 1770 3442 ibi.

637 3476 862 3538 Tucius
904 3490 994 3539 est
1033 3490 1362 3558 aptmnque
1402 3479 1590 3557 magis
1629 3478 1941 3541 discedere
1980 3496 2147 3557 pace,

638 3576 870 3636 Ponere
912 3596 1092 3654 quam
1136 3578 1378 3651 bellum,
1423 3576 1658 3638 vincere
1699 3578 1878 3655 quale
1918 3575 2173 3654 nequis:

639 3674 876 3752 Integer
916 3684 1007 3735 est
1047 3674 1257 3736 melior
1295 3674 1520 3736 nitidus
1560 3674 1851 3753 gladiator
1890 3673 1955 3734 in
1994 3672 2191 3748 armi&

638 3773 838 3848 Quam
881 3792 1020 3833 cum
1061 3774 1180 3833 tela
1221 3791 1332 3834 suo
1372 3772 1659 3851 sanguine
1700 3772 1889 3833 tincta
1928 3774 2211 3833 madent:
2550 3796 2681 3849 1940

639 3870 835 3946 Inque
875 3869 974 3931 dei
1015 3868 1210 3931 missis
1250 3870 1476 3933 nitidus
1517 3870 1646 3932 sine
1685 3871 1823 3931 labe
1864 3871 2145 3931 sacerdos

636 3964 846 4027 Victor
884 3966 948 4027 in
989 3969 1108 4028 hoc
1148 3968 1452 4047 placidum
1492 3970 1604 4031 fert
1643 3967 1759 4029 sibi
1799 3970 1965 4029 lucra
2004 3969 2205 4028 deum.

637 4064 833 4140 Quale
873 4063 950 4125 sit
989 4068 1108 4127 hoc
1147 4066 1314 4143 quod
1354 4084 1520 4127 amas
1561 4065 1739 4126 celeri
1778 4063 2171 4143 circumspice
2211 4076 2433 4183 mente,

637 4162 716 4221 Et
757 4172 862 4222 tua
898 4164 1094 4223 lesuro
1134 4162 1417 4223 subtrahe
1457 4164 1612 4223 colla.
1649 4160 1827 4240 iugo,

639 4258 839 4318 Debet
878 4260 1064 4319 homo
1103 4258 1341 4337 sapiens
1379 4269 1692 4319 nascentes
1735 4261 1954 4337 pellere
1994 4260 2255 4335 morbOS,

543 4409 928 4525 1915Epugnam
961 4396 1156 4448 CEHL
1244 4412 1506 4461 pungnam
1542 4396 1676 4447 SGT
1764 4398 2015 4462 pinguam
2052 4400 2099 4450 D
2323 4413 2451 4463 19²2
2488 4397 2599 4447 Nec
2632 4400 2676 4449 C

473 4474 650 4525 timeat
720 4475 815 4525 DL
