3434 5142
1153 461 1459 527 LIBER
1502 462 1866 529 1>R1Mus
2199 500 2208 509 -
2525 484 2610 546 49

566 625 735 699 Sunt,
778 624 881 685 vbi
922 623 1301 701 perueniunt,
1342 622 1642 699 prodolor,
1685 625 1962 700 heuque!
2017 640 2206 701 pares.

564 725 742 784 Tunc
782 722 961 782 simul
1000 722 1315 781 vnanimes
1354 720 1533 797 lupus
1572 732 1632 781 et
1670 722 1840 782 canis
1881 740 2050 783 vrsus
2091 722 2154 783 in
2193 720 2339 784 vrbe

568 820 934 898 Depredant,
979 837 1101 897 qne
1140 838 1281 879 suas
1320 819 1683 880 constituere
1725 838 1940 881 moraS.
2507 804 2608 896 960

568 920 730 979 Ecce
768 936 979 979 senem
1020 918 1253 991 Calcas,
1297 918 1483 976 cuius·
1508 918 1812 994 sapiencia
1853 918 2044 979 maior

566 1015 867 1078 Omnibus
909 1026 1016 1088 est,
1063 1015 1294 1076 nullum
1335 1023 1482 1076 tunc
1523 1016 1792 1093 sapuisse
1833 1016 2120 1077 modum:

566 1114 882 1174 Anthenor
922 1132 997 1173 ex
1036 1114 1227 1191 pactis
1266 1130 1636 1189 componere
1676 1113 1880 1173 federa
1920 1114 2084 1190 pacis

565 1213 744 1272 Tunc
786 1211 1011 1289 nequit,
1054 1212 1245 1273 immo
1284 1212 1447 1273 furor
1487 1229 1671 1271 omne
1710 1211 1956 1272 resoluit
1997 1229 2186 1288 opus:

565 1311 624 1369 A
662 1311 921 1371 vecorde
961 1308 1219 1388 probum
1260 1328 1385 1370 non
1425 1320 1571 1369 tunc
1612 1308 1905 1369 distancia
1944 1309 2134 1383 nouit,

448 1428 453 1431 ·
566 1408 663 1468 Fit
702 1426 809 1469 cor
848 1408 1095 1469 Tersitis
1136 1418 1197 1469 et
1239 1407 1561 1469 Diomedis
1600 1406 1801 1467 idem:

570 1506 801 1583 Lingue
840 1507 1176 1583 composite
1215 1506 1413 1567 verbis
1453 1505 1539 1565 nil
1580 1505 1782 1566 rethor
1820 1505 2046 1565 Vluxes

567 1604 745 1664 Tunc
786 1603 985 1677 valuit,
1028 1622 1143 1665 nec
1184 1604 1241 1665 ei
1281 1621 1478 1665 sermo
1519 1603 1732 1663 beatus
1773 1612 1933 1665 erat:

568 1704 649 1763 Et
688 1702 977 1779 quoniam
1018 1702 1199 1763 tantis
1236 1701 1427 1763 satum
1468 1702 1786 1762 conatibus
1827 1700 2048 1775 obstat,

566 1800 841 1877 Quisque
880 1818 989 1860 sua
1029 1800 1174 1860 sorti
1212 1798 1381 1859 frena
1420 1800 1639 1860 relaxat
1678 1800 1884 1861 homo.
2507 1818 2610 1873 970

563 1899 741 1958 Tunc
780 1914 987 1974 neque
1024 1895 1187 1957 bella
1227 1896 1451 1970 iuuant,
1496 1914 1611 1958 nec
1650 1897 1786 1971 tela,
1831 1914 1946 1956 nec
1984 1914 2128 1956 vsus
2167 1912 2476 1973 equorum,

568 1996 701 2055 Nec
740 1995 1007 2072 probitas
1046 1994 1263 2057 veteris
1304 1996 1454 2073 quid
1494 1994 1810 2073 probitatis
1851 1993 2070 2055 habet:

565 2096 651 2154 Vt
688 2094 947 2154 lactante
987 2094 1127 2153 furit
1168 2094 1369 2155 catulo
1409 2095 1640 2171 priuata
1682 2095 1905 2166 Leena,

568 2192 650 2252 Et
687 2192 806 2251 ruit
844 2192 909 2251 in
950 2210 1169 2269 pecora
1206 2193 1567 2269 proximiora
1607 2192 1740 2265 sibi,
1818 2218 1828 2227 ·

564 2291 665 2351 Sic
706 2291 831 2351 sera
871 2290 1167 2350 rusticitas
1207 2291 1350 2351 iuris
1390 2291 1621 2367 priuata
1662 2290 1854 2351 salute

569 2389 746 2450 Irruit
787 2388 850 2447 in
892 2406 1167 2465 proceres
1209 2388 1289 2449 de
1332 2388 1561 2449 feritate
1603 2388 1811 2467 magis·

563 2485 867 2548 Omnibus
906 2495 998 2546 est
1037 2504 1211 2547 casus
1252 2486 1608 2558 communis,
1654 2504 1782 2546 non
1821 2494 2028 2547 tamen
2068 2503 2252 2547 vnum

568 2582 875 2645 Omnibus
913 2583 1181 2645 attribuit
1222 2602 1340 2645 vna
1382 2585 1552 2645 ruina
1592 2586 1814 2645 locum.

647 2681 706 2743 Ο
746 2681 1109 2743 denaturans
1150 2682 1311 2743 vrbis
1353 2693 1561 2743 natura
1601 2682 1830 2760 prioris,

568 2779 709 2856 Que
746 2779 909 2857 vulgi
948 2779 1129 2840 furias
1169 2798 1334 2841 arma
1374 2798 1621 2841 mouere
1662 2779 1846 2840 sinis!
2509 2790 2610 2855 980

566 2876 627 2938 O
666 2896 851 2955 quam
891 2877 1232 2956 retrograda
1271 2895 1367 2937 res
1406 2887 1517 2953 est,
1559 2876 1728 2954 quod
1769 2877 1942 2937 miles
1982 2877 2228 2937 inermis

566 2975 846 3052 Expauit,
890 2993 1010 3053 que
1051 2974 1213 3036 ferus
1252 2976 1463 3055 vulgus
1504 2974 1584 3037 ad
1626 2993 1792 3035 arma
1832 2979 2038 3035 vacat!
2177 3000 2188 3009 ·

568 3073 762 3133 Prelia
801 3072 1169 3145 Thebarum,
1214 3074 1564 3151 CartaginiS,
1608 3074 1832 3151 illaque
1873 3074 2076 3135 Rome

567 3170 711 3231 Non
750 3170 987 3231 fuerant
1028 3171 1155 3231 istis
1196 3172 1375 3247 plena
1415 3171 1613 3233 furore
1653 3171 1862 3249 magis·
1993 3200 1998 3204 ·

566 3266 713 3329 Non
751 3268 853 3328 hic
894 3266 1217 3346 Capaneus
1258 3270 1459 3343 valuit,
1504 3287 1618 3329 nec
1659 3279 1722 3328 et
1762 3269 1862 3329 ille
1902 3268 2148 3343 Tideus

568 3367 714 3427 Non
754 3366 896 3427 facit
935 3384 1217 3427 excursus
1259 3367 1372 3427 iste
1410 3368 1505 3428 vel
1546 3367 1647 3427 ille
1685 3367 1886 3429 ferox:

474 3450 481 3455 ⁴
567 3465 628 3525 N
630 3482 713 3525 on
753 3464 854 3524 hic
894 3464 1247 3525 Palamedes
1288 3475 1543 3543 superat,
1587 3483 1787 3543 neque
1827 3465 2048 3526 nobilis
2087 3465 2255 3538 Aiax,

570 3562 704 3623 Nec
742 3562 1007 3640 regimen
1048 3563 1281 3641 gladius
1322 3564 1760 3641 Agamenontis
1802 3561 2000 3625 habet.

568 3658 823 3720 Subdita
864 3660 1127 3720 Troiana
1166 3660 1387 3721 cecidit
1424 3660 1674 3723 victoria
1710 3661 1885 3734 victa,

569 3757 873 3834 Troiaque
912 3758 1100 3834 preda
1140 3757 1269 3818 fero
1308 3758 1376 3817 fit
1415 3758 1580 3818 velut
1620 3777 1775 3837 agna
1814 3759 1976 3836 lupo.
2511 3782 2613 3834 990

568 3854 858 3916 Rusticus
896 3856 1213 3933 agreditur,
1256 3856 1429 3917 miles
1470 3875 1585 3917 nec
1627 3858 1688 3916 in
1730 3856 1876 3918 vrbe
1915 3856 2150 3933 resistit,

570 3954 844 4015 Hectore
882 3954 1067 4015 Troia
1106 3962 1290 4029 caret,
1326 3954 1521 4031 Argos
1563 3954 1800 4015 Achille
1840 3972 1991 4015 suo:

568 4051 856 4112 Hectoris
895 4062 1001 4112 aut
1041 4052 1229 4112 Troili
1270 4052 1355 4112 nil
1396 4062 1543 4111 tunc
1582 4052 1835 4113 audacia
1874 4052 2032 4126 vicit,

568 4149 737 4225 Quin
754 4160 759 4164 ·
778 4150 969 4227 magis
1008 4150 1095 4209 hii
1133 4150 1275 4212 victi
1317 4167 1443 4210 rem
1486 4150 1617 4211 sine
1648 4150 1841 4211 'corde
1883 4151 2125 4227 sinunt3

566 4247 702 4309 Nec
742 4248 921 4309 solito
962 4239 1233 4309 Priamus
1275 4248 1438 4308 fulsit
1480 4258 1625 4309 tunc
1666 4248 1819 4310 liber
1857 4249 2110 4327 honore,

464 4379 567 4439 9⁶7
598 4384 746 4427 retor
761 4377 960 4429 CEHG
1133 4394 1237 4442 979
1266 4378 1467 4429 vrbisS
1533 4379 1673 4430 orbis
1687 4378 1890 4431 CEHD
2063 4380 2158 4445 981
2190 4394 2291 4429 om.
2318 4380 2366 4429 D
2385 4379 2612 4443 (margin

400 4456 583 4507 deficit
596 4471 777 4507 versus
796 4456 851 4507 in
874 4456 1047 4525 copia)
1248 4464 1392 4507 retro
1412 4458 1573 4520 gradu
1592 4457 1637 4509 C

487 4538 637 4575 *stt
1486 4558 1527 4603 Ε
