3434 5142
1132 497 1417 562 LIBER
1474 499 1904 579 QUINTUS
2492 527 2610 570 201

484 1252 829 1320 Postquam
876 1252 1110 1308 dictum
1149 1254 1253 1308 est
1288 1253 1366 1309 de
1406 1253 1535 1308 illis
1577 1254 1685 1324 qui
1721 1254 1788 1309 in
1829 1256 2010 1311 statu
2047 1255 2199 1311 cleri
2238 1269 2456 1326 regere
2497 1259 2616 1326 epi·

417 1339 679 1395 ritualia
716 1341 1033 1405 deberent,
1064 1339 1394 1396 dit-,endum
1426 1345 1529 1396 eat
1552 1341 1680 1396 iam
1706 1343 1784 1398 de
1807 1343 1934 1397 hiis
1956 1343 2063 1412 qui
2092 1344 2158 1398 in
2183 1347 2366 1400 statu
2387 1345 2616 1401 milicie

418 1427 794 1496 temporalia
820 1427 1151 1484 defendere
1176 1431 1241 1484 et
1265 1433 1645 1498 supportare
1670 1433 1986 1486 tenentur.

274 1804 472 1881 Capm.
503 1805 539 1865 i.

1134 1647 1382 1722 Incipit
1416 1648 1585 1709 liber
1624 1648 1940 1728 Quintus.

620 1793 627 1800 ⁵
774 1806 880 1867 uid
922 1807 997 1868 sit
1037 1805 1117 1866 de
1157 1806 1318 1867 clero
1358 1807 1497 1882 dixi,
1541 1807 1859 1884 dicamque
1903 1810 2173 1871 secundo

595 1805 763 2007 Q
816 1905 1146 1981 Quomodo
1188 1903 1483 1966 Militibus
1524 1907 1811 1982 competit
1851 1907 2002 1966 ordo
2040 1919 2232 1968 vetus,

582 2003 783 2061 Primo
824 2002 1041 2062 milicia
1082 2021 1301 2080 magno
1342 2004 1408 2064 fit
1449 2004 1678 2064 honore
1718 2014 1956 2080 parata3

582 2099 690 2159 Est
730 2099 917 2160 tribus
958 2119 1032 2160 ex
1072 2100 1265 2161 causis
1306 2101 1432 2177 ipsa
1472 2111 1693 2161 statuta
1733 2103 1910 2178 prius.

582 2197 855 2258 Ecclesie
895 2199 1086 2275 prima
1127 2197 1311 2258 debet
1351 2198 1675 2258 defendere
1716 2199 1859 2272 iura,

583 2297 665 2356 Et
705 2315 1034 2358 commune
1076 2295 1305 2357 bonum
1346 2315 1526 2356 causa
1567 2298 1834 2357 secunda
1873 2297 2078 2372 fouet3

580 2395 794 2454 Tereia
834 2395 1041 2472 pupilli
1084 2396 1176 2454 ius
1217 2393 1591 2472 supportabit
1632 2395 1822 2472 egeni,

582 2493 663 2552 Et
702 2511 943 2552 causam
987 2494 1167 2554 vidue
1206 2493 1605 2553 consolidabit
1647 2510 1799 2570 ope:

584 2591 721 2650 Istis
763 2609 1027 2670 namque
1069 2592 1265 2652 modis
1306 2592 1401 2651 lex
1442 2591 1569 2650 vult
1609 2591 1775 2667 quod
1819 2590 1990 2650 miles
2032 2591 2094 2650 in
2135 2591 2314 2650 armis

581 2688 669 2748 Sit
711 2707 946 2766 semper
985 2687 1210 2750 bellum
1252 2700 1561 2767 promptus
1602 2688 1769 2749 adire
1809 2707 2002 2748 suum.
2558 2709 2620 2746 10

582 2785 681 2846 Sic
722 2787 945 2846 etenim
987 2787 1157 2847 miles
1198 2787 1430 2848 dudum
1473 2797 1854 2863 superauerat
1895 2786 2115 2860 hostes

580 2884 762 2945 Vnde
803 2883 917 2944 sibi
958 2884 1117 2945 fama
1157 2886 1303 2946 viuit
1338 2887 1405 2945 in
1448 2885 1595 2946 orbe
1636 2903 1832 2946 noua:

582 2983 726 3042 Non
766 2992 1008 3060 propter
1046 2984 1267 3043 famam
1310 2984 1481 3044 miles
1522 2994 1725 3044 tamen
1767 3002 1932 3066 arma
1969 2982 2228 3060 gerebat,

580 3080 682 3140 Set
723 3099 831 3156 pro
874 3081 1106 3140 iusticia
1147 3081 1389 3157 protulit
1429 3090 1563 3140 acta
1604 3099 1728 3140 sua.

581 3177 827 3238 Ordinis
870 3178 997 3255 ipse
1038 3179 1289 3238 modum
1331 3178 1501 3237 miles
1543 3179 1646 3254 qui
1688 3189 1885 3238 seruat
1927 3177 2207 3250 eundem,

583 3276 785 3336 Debet
828 3275 911 3336 ob
952 3276 1070 3336 hoc
1110 3277 1319 3336 laudes
1363 3276 1577 3352 dignus
1618 3273 1840 3336 habere
1882 3295 2058 3351 suas;

584 3374 687 3434 Set
730 3374 778 3433 si
822 3394 931 3452 pro
972 3375 1151 3433 laude
1192 3373 1364 3433 miles
1405 3371 1665 3433 debellet
1707 3372 1889 3446 inani,

585 3471 694 3532 Est
734 3473 863 3532 laus
908 3472 1141 3544 iniusta,
1187 3471 1237 3530 si
1279 3470 1571 3531 tribuatur
1610 3470 1707 3530 ita.

666 3570 784 3629 Dic
814 3559 1008 3629 'michi
1052 3588 1215 3629 nunc
1254 3569 1453 3629 aliud:
1510 3568 1656 3646 quid
1700 3567 1948 3628 honoris
1986 3567 2176 3628 victor
2215 3565 2480 3642 habebit,

585 3669 646 3728 Si
688 3670 951 3730 mulieris
989 3687 1159 3729 amor
1199 3669 1435 3729 vincere
1476 3668 1664 3745 possit
1704 3668 1894 3728 eum?
2562 3689 2624 3724 20

585 3768 809 3828 Nescio
850 3768 999 3845 quid
1042 3768 1306 3829 mundus
1347 3766 1529 3826 michi
1572 3765 1963 3843 respondebit
2001 3765 2080 3826 ad
2122 3765 2326 3841 istud3

586 3867 727 3925 Hoc
768 3866 912 3940 sci0‚
956 3866 1124 3944 quod
1167 3866 1347 3928 Cristi
1390 3865 1473 3925 nil
1515 3863 1627 3926 sibi
1670 3863 1865 3924 laudis
1907 3863 2034 3924 erit.

581 3963 641 4022 Si
684 3964 819 4039 quis
861 3963 1089 4024 honore
1130 3963 1244 4023 frui
1284 3963 1500 4041 cupiat,
1545 3963 1658 4022 sibi
1700 3972 1905 4023 causet
1947 3961 2258 4035 honorem,

581 4061 794 4121 Gestet
834 4072 895 4121 et
938 4062 1085 4121 illud
1126 4079 1295 4138 opuS,
1340 4060 1507 4138 quod
1548 4060 1661 4120 sibi
1704 4059 1916 4120 suadet
1957 4078 2147 4121 onus:

584 4159 683 4218 Nil
728 4159 843 4219 nisi
886 4158 1207 4220 stulticiam
1249 4159 1437 4236 pariet
1478 4156 1591 4217 sibi
1635 4157 1772 4216 finis
1813 4156 2173 4233 habendam,

581 4258 697 4319 Cui
739 4259 949 4318 Venus
990 4259 1290 4334 inceptam
1332 4256 1499 4316 ducit
1538 4254 1619 4315 ad
1659 4273 1824 4315 arma
1864 4257 2038 4316 viam.

584 4356 728 4416 Non
770 4356 948 4416 decet
988 4367 1051 4416 vt
1089 4354 1249 4415 rutili
1291 4353 1605 4431 plumbum
1648 4352 1994 4414 miscebitur
2033 4371 2197 4429 aum,

1351 4501 1411 4549 18
1446 4498 1541 4565 ita]
1568 4499 1617 4550 ei
1640 4499 1690 4550 D
