3434 5142
822 452 904 513 30
1530 428 1730 493 VOX
1785 424 2332 494 CLAMANTIS

986 590 1091 651 Nil
1130 590 1283 667 iuga,
1328 590 1414 649 nil
1454 589 1701 666 torquis,
1747 588 1930 648 nichil
1970 597 2074 647 aut
2115 586 2441 648 retinacula
2479 596 2759 665 prosunt,

989 689 1089 749 Nil
1129 689 1244 749 sibi
1288 688 1555 765 paxillus„
1600 697 1766 748 temo
1807 686 1902 747 vel
1939 704 2088 746 ansa
2127 686 2372 747 iuuant:

985 789 1147 848 Vsus
1187 786 1359 847 abest
1398 786 1589 859 aran-i,
1634 794 1806 847 vaoat
1847 794 1908 845 et
1948 783 2190 846 dentale
2229 784 2523 859 relictum,

990 887 1123 947 Nec
1163 904 1271 946 sua
1312 894 1459 945 tunc
1498 892 1689 945 crates
1731 881 1936 944 debita
1980 883 2130 943 serre
2169 882 2410 944 sinunt:

988 984 1211 1047 Currus
1251 993 1313 1044 et
1350 982 1553 1060 auriga
1592 991 1847 1056 cessant,
1890 990 2204 1057 cessatque
2243 990 2494 1054 carecta,

989 1083 1129 1159 Que
1169 1082 1354 1141 nichil
1394 1080 1637 1143 vlterius
1679 1079 1944 1139 vtilitatis
1984 1078 2248 1140 habent:

992 1180 1389 1259 Agricoleque
1429 1176 1607 1240 bonis
1648 1178 1760 1239 iter
1799 1196 1984 1237 vnum
2027 1175 2260 1255 legibus
2299 1176 2532 1255 absque

990 1280 1223 1352 Restat,
1263 1288 1323 1338 et
1352 1276 1631 1338 indomiti
1670 1286 1812 1336 sunt
1851 1276 2106 1335 racionis
2147 1275 2327 1336 idem.
2413 1314 2420 1321 -

990 1376 1107 1450 Sic,
1152 1374 1515 1453 vbicumque
1554 1374 1742 1447 vides,
1786 1374 1984 1451 campi
2027 1374 2256 1435 cultore
2295 1382 2585 1447 carentes,

992 1475 1313 1551 Vastaque,
1345 1490 1466 1550 que
1506 1489 1689 1533 nemo
1731 1472 2027 1545 vendicat,
2069 1489 2214 1531 arua
2255 1472 2486 1533 iacent:
2943 1493 3040 1543 προ

994 1572 1329 1649 Expectant
1368 1570 1580 1631 frustra
1620 1570 1942 1647 promissas
1983 1570 2196 1631 horrea
2237 1588 2478 1657 messes,

993 1672 1217 1730 Annua
1256 1670 1305 1728 si
1348 1668 1481 1728 talis
1522 1668 1726 1745 regula
1765 1677 1964 1729 seruet
2001 1686 2194 1747 agros,

996 1770 1119 1841 Bos
1159 1768 1273 1841 leo,
1316 1764 1431 1827 bos
1469 1766 1711 1844 pardus„
1755 1764 1868 1827 bos
1906 1784 2094 1840 vrsuS‚
2138 1776 2229 1827 set
2270 1765 2445 1827 bouis
2488 1763 2686 1843 ipsum

995 1866 1251 1927 Constat
1290 1873 1563 1924 naturam
1604 1881 1732 1923 non
1773 1863 2120 1924 meminisse
2159 1882 2348 1925 suam.

994 1964 1093 2024 Sic
1134 1981 1247 2040 ego
1288 1962 1597 2039 pestiferos
1637 1978 1832 2022 errare
1871 1958 2064 2023 boues
2105 1962 2246 2039 quia
2287 1961 2408 2022 vidi

998 2060 1338 2122 Indomitos
1379 2061 1563 2133 sulec,
1608 2078 1782 2121 mens
1823 2078 1960 2121 mea
1999 2070 2165 2121 mota
2206 2060 2332 2121 fuit.

998 2157 1323 2219 Prodolor!
1378 2161 1453 2217 o!
1509 2157 1648 2229 dixi,
1694 2155 1953 2219 cessabit
1991 2158 2188 2219 cultus
2227 2175 2524 2235 agrorum,

998 2256 1142 2332 Quo
1182 2255 1365 2315 michi
1406 2255 1778 2333 temporibus
1819 2266 1910 2344 est
1951 2256 2277 2318 metuenda
2317 2256 2526 2318 fames.
2636 2314 2650 2327 ,

906 2492 1025 2549 Hie
1058 2493 1213 2549 diest
1246 2507 1318 2549 se
1350 2506 1460 2561 per
1494 2493 1849 2561 sompnium
1885 2494 2152 2549 terciam
2187 2492 2365 2562 vulgi
2399 2494 2676 2548 turmam
2711 2490 2780 2547 iu
2815 2506 3044 2562 porcos

837 2582 1079 2639 vidisse
1099 2583 1617 2637 nan-mutatam.

674 2716 873 2791 Capm.
904 2715 1003 2775 iiii.
1130 2714 1432 2793 Sompnus
1475 2714 1675 2775 adhuc
1714 2714 1920 2788 creuit,
1965 2726 2026 2776 et
2066 2716 2253 2776 lassos
2295 2724 2551 2793 occupat
2588 2724 2769 2788 artus„

998 2814 1198 2891 Auget
1237 2822 1297 2873 et
1338 2813 1577 2874 vlterius
1618 2814 1896 2892 sompnia
1935 2815 2103 2891 plura
2145 2814 2347 2874 michi.
2947 2834 3045 2885 300

1000 2911 1289 2973 Cristatos
1330 2930 1560 2989 porcos,
1606 2912 1877 2986 furioSOS,
1920 2912 2185 2973 demone
2225 2912 2455 2988 plenos,

1004 3012 1149 3071 Post
1190 3028 1262 3070 ea
1302 3010 1541 3087 percepi
1582 3019 1738 3070 stare
1781 3010 2117 3087 frequenter
2159 3010 2282 3071 ibi:

1000 3110 1314 3170 Associata
1354 3109 1532 3170 simul
1572 3108 1685 3169 fuit
1726 3108 1940 3168 horum
1982 3108 2198 3169 concio
2239 3108 2442 3183 multa,

1005 3210 1162 3270 Aera
1203 3207 1563 3270 stercoribus
1605 3207 1934 3269 inficiendo
1973 3208 2116 3269 suis.

1002 3308 1291 3369 Porculus
1319 3326 1407 3368 en
1448 3326 1697 3385 porcum
1739 3307 1962 3367 furiens
2002 3317 2064 3368 et
2103 3305 2416 3383 aperculus
2453 3323 2666 3382 aprum

1000 3406 1424 3485 Consequitur,
1466 3424 1583 3467 nec
1622 3424 1730 3467 eos
1769 3406 2028 3483 amplius
2067 3415 2219 3466 artat
2259 3422 2377 3465 ara.

1004 3506 1235 3567 Federa
1272 3522 1415 3565 cum
1456 3505 1623 3565 socio
1662 3503 1768 3565 dat
1808 3521 2005 3563 verres
2045 3503 2250 3563 iuncta
2291 3501 2600 3576 nefrend0,

1002 3603 1087 3662 Vt
1128 3603 1315 3681 tnagis
1357 3610 1630 3663 euertant
1670 3600 2141 3679 congradiuntur
2181 3601 2433 3661 humum
2458 3620 2476 3674 3

1002 3700 1271 3778 Scropha
1312 3718 1433 3778 que
1473 3700 1589 3760 Sus
1629 3698 1854 3759 sociam
1898 3716 2144 3776 porcam
2185 3698 2299 3759 sibi
2341 3698 2779 3773 consociatum,

1004 3797 1147 3872 Que
1185 3797 1374 3873 magis
1413 3806 1479 3857 vt
1518 3804 1795 3869 noceant,
1838 3796 2007 3873 plura
2049 3796 2310 3875 maligna
2349 3806 2617 3859 mouent.
2953 3817 3051 3867 310

1007 3892 1345 3954 Inmundos
1386 3912 1603 3971 porcos
1643 3894 1730 3954 sic
1771 3894 1894 3953 vidi
1935 3894 2138 3955 ledere
2177 3894 2494 3967 mundum,

1005 3992 1123 4050 Vix
1164 3992 1331 4070 quod
1372 4002 1496 4052 erat
1538 3991 1808 4052 mundus
1847 4000 2010 4051 tutus
2053 4002 2116 4053 vt
2155 3988 2356 4053 obstet
2383 3992 2507 4053 eis:

1010 4088 1153 4149 Non
1196 4100 1320 4149 erat
1358 4107 1517 4167 aque
1558 4089 1754 4151 bladis
1793 4090 2108 4151 bominum
2148 4091 2453 4168 porcarius
2492 4088 2663 4164 vlluS,

1009 4186 1134 4262 Qui
1175 4196 1321 4247 tunc
1361 4186 1443 4249 de
1482 4188 1661 4249 solito
1701 4206 1872 4249 more
1911 4188 2139 4267 fugauit
2179 4206 2325 4265 e0s3

1010 4284 1153 4345 Non
1194 4294 1319 4345 erat
1362 4284 1423 4345 in
1465 4304 1638 4347 nares
1677 4296 1922 4365 torques
1964 4287 2067 4364 qui
2110 4296 2314 4364 posset
2355 4304 2566 4349 eorum

1704 4440 1806 4487 30⁹
1841 4424 2030 4476 Postea
2051 4424 2192 4475 CED
