3434 5142
1464 464 1660 530 VOX
1721 463 2266 529 CLAMANTIS

1013 625 1284 703 Impetus
1323 625 1540 686 euertit
1579 624 1873 703 quicquid
1911 624 2149 685 {onum
2190 624 2487 686 ministrat

929 725 1234 800 Prospera,
1281 740 1395 783 nec
1435 721 1711 783 stabilem
1751 721 2006 781 contulit
2046 721 2180 799 ipsa
2218 730 2463 783 statum.

929 823 1112 881 Heu!
1167 838 1275 880 cur
1312 830 1478 880 tanta
1519 818 1631 880 fuit
1671 836 1961 881 concessa
1998 821 2281 896 potencia
2322 820 2443 893 tali,

930 919 1048 981 Cui
1092 918 1276 979 nichil
1317 903 1410 979 est
1450 918 1582 977 iure
1618 917 1763 977 iuris
1802 917 1868 977 in
1908 918 2060 978 orbe
2098 918 2359 978 datum?

928 1017 990 1077 Si
1033 1015 1180 1093 quid
1223 1016 1363 1091 iuris
1403 1013 1604 1088 habet,
1647 1015 1951 1091 surrepcio
1990 1014 2209 1077 dicitur
2246 1033 2396 1089 esse,

933 1115 1091 1173 Nam
1133 1112 1218 1173 de
1254 1112 1382 1173 iure
1423 1112 1609 1172 nichil
1649 1130 1777 1189 quo
1816 1110 2163 1173 dominetur
2202 1111 2410 1173 habet.

932 1212 1030 1272 Sic
1072 1211 1282 1271 dicunt
1321 1211 1616 1281 homines,
1661 1210 1767 1287 qui
1806 1210 2059 1270 credunt
2100 1212 2307 1271 omnia
2346 1228 2493 1271 oesn

932 1308 1118 1384 Quod
1160 1307 1310 1369 deus
1351 1308 1602 1367 extruxit
1643 1307 1773 1384 ipsa
1813 1323 2058 1367 mouere
2099 1316 2335 1384 potest:
2882 1332 2979 1369 που

930 1406 1032 1466 Set
1073 1405 1311 1465 fortuna
1351 1414 1556 1465 tamen
1595 1404 1783 1463 nichil
1822 1412 1929 1478 est,
1976 1421 2175 1481 neque
2216 1422 2361 1479 sors,
2406 1422 2607 1482 neque
2646 1405 2851 1479 fattun,

932 1502 1143 1564 Rebus
1184 1504 1247 1562 in
1289 1503 1572 1563 humanis
1609 1502 1694 1561 nil
1736 1520 1980 1579 quoque
2020 1520 2194 1563 casus
2236 1501 2455 1565 habet:

934 1603 1037 1663 Set
1080 1601 1193 1662 sibi
1236 1601 1492 1679 quisque
1534 1619 1706 1661 suam
1746 1609 1968 1661 sortem
2012 1601 2169 1675 facit,
2215 1612 2277 1662 et
2318 1601 2433 1662 sibi
2474 1619 2683 1663 casum

934 1701 1019 1760 Vt
1058 1699 1204 1761 libet
1245 1700 1506 1774 incurrit,
1549 1710 1610 1759 et
1653 1698 1773 1759 sibi·
1811 1699 1931 1759 fata
1972 1708 2175 1773 (παῖς

935 1799 1136 1874 Atque
1177 1796 1498 1857 voluntatis
1539 1814 1712 1856 mens
1754 1795 1940 1856 libera
1980 1796 2148 1872 qnod
2188 1796 2329 1856 facit
2370 1807 2572 1856 actum

937 1893 1056 1954 Pro
1097 1893 1270 1953 variis
1310 1893 1534 1953 meritis
1575 1892 1823 1953 nomine
1863 1892 2037 1953 sortis
2080 1892 2279 1953 habet.

938 1990 1140 2053 Debet
1180 1992 1341 2052 enim
1385 2010 1620 2067 semper
1659 2010 1790 2051 sors
1828 2008 1961 2051 esse
2002 1992 2313 2067 pedisseca
2351 1992 2584 2063 mentis,

939 2091 1034 2150 Ex
1074 2108 1193 2167 qua
1235 2091 1476 2150 sortitur
1516 2090 1684 2167 quod
1728 2088 1847 2149 sihi
1886 2107 2115 2150 nomen
2154 2090 2297 2150 erit:

937 2187 1000 2247 Si
1043 2187 1200 2248 bene
1240 2188 1347 2261 vie,
1391 2188 1659 2264 sequitur
1701 2186 1864 2247 bona
1904 2204 2075 2261 sors3
2133 2187 2181 2246 si
2223 2187 2314 2247 vis
2354 2185 2529 2259 male,
2574 2194 2797 2247 sortem
2828 2234 2847 2243 r

942 2287 1058 2345 Pro
1099 2296 1270 2346 motu
1311 2286 1530 2345 mentis
1570 2285 1754 2345 efficis
1794 2283 1927 2346 esse
1968 2286 2211 2347 malam.
2884 2304 2981 2342 210

941 2382 1004 2442 Si
1046 2400 1222 2459 super
1263 2391 1418 2441 astra
1457 2383 1622 2442 leues
1662 2383 1946 2441 virtutum
1988 2382 2251 2443 culmine
2290 2390 2575 2455 mentem,

944 2480 1036 2538 Te
1076 2479 1314 2538 fortuna
1356 2496 1464 2539 sue
1505 2479 1671 2539 ducit
1711 2480 1791 2539 ad
1830 2480 1951 2539 alta
1991 2490 2157 2541 rote:

941 2576 1048 2637 Set
1088 2578 1138 2637 si
1181 2576 1479 2637 subrueris
1521 2578 1813 2637 viciorum
1852 2578 2029 2651 mole,
2073 2587 2323 2656 repente

940 2677 1173 2735 Tecum
1215 2677 1512 2735 fortunam
1555 2676 1733 2735 ducis
1766 2676 1846 2737 ad
1886 2694 2025 2754 yma
2064 2688 2249 2736 tuam.

943 2772 1205 2850 Expedit
1246 2784 1306 2833 vt
1347 2782 1568 2833 sortem
1607 2773 1877 2833 declines
1918 2773 2290 2848 deteriorem,

946 2872 1110 2931 Dum
1152 2881 1290 2931 tuus
1331 2881 1422 2932 est
1461 2872 1698 2932 animus
1741 2870 1895 2932 liber
1930 2882 2249 2950 Vtrumque
2288 2871 2480 2948 sequi.

851 3069 972 3125 Hic
1019 3070 1174 3126 dicit
1222 3072 1562 3126 secundum
1609 3070 1967 3139 scripturas
2012 3072 2078 3127 et
2126 3072 2393 3138 allegat.
2436 3069 2711 3138 quanter
2768 3082 2987 3124 omnes

783 3162 1074 3215 creature
1108 3158 1351 3214 homini
1385 3160 1562 3217 iusto
1598 3160 1960 3217 servientes
1993 3159 2309 3217 obediunt.

609 3272 804 3349 Capm.
836 3292 892 3335 v.

1027 3273 1274 3333 Dixerat
1315 3272 1427 3331 ista
1469 3272 1636 3345 deus,
1683 3272 1733 3331 si
1776 3290 1903 3349 que
1936 3272 2264 3349 preceperit
2306 3272 2437 3349 ipse

949 3371 1102 3447 Quis
1143 3389 1380 3431 seruare
1419 3370 1576 3444 velit,
1621 3388 1903 3448 prospera
1944 3370 2156 3430 reddet
2198 3370 2284 3442 ei‚'

946 3468 1212 3545 Campos
1254 3468 1578 3546 frugiferOS,
1623 3468 1811 3529 botris
1849 3470 2173 3545 vinetaque
2210 3469 2403 3545 plena,

945 3567 1325 3644 Temperiem
1368 3567 1509 3626 solis
1551 3577 1612 3627 et
1651 3567 1927 3643 pluuialis
1968 3584 2161 3643 aque3
2894 3586 2993 3621 220

947 3666 1155 3727 Sidera
1193 3675 1555 3742 compescet,
1600 3665 1921 3725 Saturnum
1965 3664 2176 3725 reddet
2216 3680 2518 3736 amenum,

948 3762 1071 3837 Qui
1113 3762 1302 3821 suerat
1343 3762 1525 3838 pestis
1566 3771 1713 3821 tunc
1754 3762 1863 3822 erit
1904 3762 2033 3839 ipse
2072 3762 2268 3835 salus;

952 3859 1149 3935 Inque
1188 3878 1325 3919 suas
1367 3870 1556 3918 metas
1597 3859 1830 3936 gladius
1872 3878 1998 3919 non
2038 3858 2303 3933 transiet,
2343 3857 2533 3916 immo

952 3956 1050 4015 De
1090 3956 1309 4033 virtute
1347 3974 1454 4015 sua
1497 3957 1730 4034 singula
1772 3956 1931 4016 bella
1970 3956 2151 4033 sugat.

951 4054 1050 4114 Sic
1091 4072 1220 4130 pax,
1269 4056 1355 4113 sic
1395 4073 1612 4130 corpus
1655 4072 1886 4127 sanum,
1930 4054 2017 4113 sic
2057 4054 2233 4131 copia
2274 4070 2469 4113 rerum

951 4152 1103 4210 Sunt
1143 4150 1373 4210 homini
1415 4152 1588 4225 iust0‚
1633 4152 1781 4211 dum
1822 4152 1995 4211 timet
2034 4150 2163 4228 ipse
2204 4151 2427 4211 deum:

951 4250 1254 4324 Tempore
1295 4265 1418 4325 quo
1459 4248 1650 4309 iustus
1692 4250 1937 4323 steterit,
1982 4258 2143 4309 stant
2184 4266 2467 4326 prospera
2507 4264 2735 4322 secum,

952 4345 1136 4423 Sique
1176 4344 1351 4404 cadat
1393 4346 1597 4419 iustuS,
1642 4364 1925 4423 prospera
1966 4338 2095 4407 iure
2135 4346 2391 4419 cadent3

956 4442 1116 4503 Nam
1157 4452 1630 4505 retrouersantur
1666 4444 1930 4520 peruersi
1971 4460 2255 4522 prospera
2295 4442 2454 4515 iusti,
