3434 5142
808 481 893 541 68
1510 474 1709 539 VOX
1769 470 2310 537 CLAMANTIS

974 640 1254 715 Equoree
1293 636 1619 696 miscentur
1656 652 1814 713 aque
1855 632 2174 693 celestibus
2215 630 2392 703 auris,

975 737 1289 812 Mixtaque
1326 752 1471 793 cum
1512 732 1717 809 pluuia
1757 732 1910 792 salsa
1952 730 2231 791 tumescit
2272 746 2446 805 aqua.

975 836 1127 895 Vela
1169 832 1414 893 madent
1458 830 1695 903 nimbis,
1741 838 2086 907 tegumenta
2129 846 2242 888 nec
2281 827 2401 889 vlla
2441 826 2748 900 iuuabant,

976 934 1147 991 Vnus
1188 942 1249 991 vt
1292 932 1353 991 in
1396 930 1559 990 sicco
1598 938 1878 1005 contegat
1919 928 2062 988 inde
2103 938 2284 1004 caput
2302 948 2322 1001 3

975 1032 1306 1107 Pugnaque
1345 1038 1661 1087 ventorum
1702 1034 2050 1103 spumantes
2093 1034 2366 1085 mouerat
2408 1022 2598 1087 vndas

974 1128 1170 1189 Vertit
1210 1137 1270 1188 et
1310 1126 1372 1185 in
1414 1126 1589 1190 variis
1632 1124 1912 1185 fluctibus
1954 1125 2176 1183 Auster
2215 1141 2336 1183 eas,
2892 1128 3023 1197 ¹⁶70

977 1228 1255 1302 Desuper
1292 1224 1493 1285 emissi
1535 1232 1856 1282 tenuerunt
1898 1239 2124 1299 equora
2165 1222 2345 1295 venti,

978 1323 1091 1384 Est
1131 1322 1214 1382 ita
1254 1322 1483 1383 naualis
1526 1320 1727 1397 regula
1767 1337 1912 1379 ceca
1953 1319 2183 1397 magis3

976 1422 1281 1497 Tetraque
1322 1437 1442 1479 nox
1482 1418 1783 1495 premitur,
1829 1415 2212 1494 tenebrisque
2253 1414 2547 1477 micancia
2586 1414 2794 1478 lumen

979 1519 1259 1578 Fulmina
1298 1517 1599 1576 fulmineis
1640 1514 1878 1593 ignibus
1921 1516 2050 1591 ipsa
2090 1514 2336 1576 dabant.

981 1616 1139 1677 Cum
1182 1633 1346 1675 mare
1386 1614 1501 1674 sub
1544 1623 1784 1673 noctem
1827 1612 2074 1673 tumidis
2113 1610 2418 1672 albescere
2458 1610 2619 1687 cepit

980 1711 1309 1785 FluctibuS,
1353 1723 1415 1772 et
1454 1729 1703 1788 preceps
1747 1711 1946 1770 Eurus
1987 1710 2067 1771 ad
2105 1728 2272 1769 arma
2311 1708 2467 1782 furit,

984 1811 1223 1871 ‘Ardua
1264 1810 1383 1869 iarn
1424 1809 1659 1869 dudum
1698 1808 1982 1869 dimittite
2023 1826 2250 1869 cornua
2289 1806 2498 1879 nauis,’

980 1909 1235 1981 Clamat,
1282 1910 1375 1968 ‘et
1414 1908 1496 1973 ad
1536 1908 1736 1967 velum
1779 1907 2031 1981 currite,'
2071 1917 2265 1967 rector
2307 1905 2406 1967 ait.

979 2008 1107 2067 Hic
1147 2005 1329 2077 iubet,
1376 2006 1714 2082 impediunt
1755 2006 2008 2066 aduerse
2048 2005 2208 2064 iussa
2247 2002 2526 2080 procelle,

978 2106 1115 2165 Nec
1155 2105 1347 2183 fragor
1386 2104 1661 2165 auditum
1705 2114 1852 2164 tunc
1893 2104 2033 2163 sinit
2073 2120 2207 2163 esse
2249 2100 2467 2175 maris3
2895 2106 3024 2156 1680

980 2206 1207 2280 Sponte
1248 2213 1451 2262 tamen
1493 2212 1814 2280 properant
1853 2202 1954 2261 alii
1997 2200 2335 2261 subducere
2377 2216 2595 2270 remOS,

978 2302 1123 2360 Pars
1165 2300 1397 2360 munire
1430 2301 1583 2360 latus
1626 2300 1884 2377 quisque
1922 2298 2129 2359 labore
2169 2316 2300 2357 suo.

980 2398 1183 2475 Egerit
1223 2398 1323 2456 hic
1363 2398 1579 2457 fluctus
1620 2414 1931 2474 equorque
1971 2395 2234 2457 refundit
2273 2396 2337 2453 in
2381 2411 2586 2469 equor,

980 2498 1108 2557 Hic
1148 2496 1299 2573 rapit
1336 2504 1668 2568 antemnaS,
1714 2513 1835 2572 que
1876 2496 2006 2555 sine
2047 2494 2178 2571 lege
2218 2502 2471 2569 vagant:

979 2594 1149 2655 Bella
1187 2602 1399 2671 gerunt
1439 2594 1601 2653 venti
1644 2593 1913 2669 fretaque
1956 2591 2341 2669 indignancia
2381 2589 2656 2660 miscent,

980 2693 1201 2753 Cassus
1243 2702 1305 2751 et
1344 2691 1583 2751 vlterius
1625 2692 1693 2751 fit
1733 2690 1905 2751 labor
1945 2691 2044 2750 ille
2085 2690 2239 2750 viriS.

932 2850 941 2859 ,
977 2791 1177 2849 Tanta
1216 2788 1357 2849 mali
1398 2790 1589 2849 moles
1630 2790 1884 2847 classem
1922 2794 2354 2864 compresserat
2391 2784 2605 2861 audax,

979 2889 1063 2946 Vt
1104 2905 1309 2947 vecors
1349 2888 1619 2946 animum
1660 2887 1817 2946 laxat
1855 2886 2020 2947 abire
2059 2904 2276 2962 vagum
2301 2905 2319 2959 3

911 3020 921 3027 -
982 2987 1125 3062 Ipse
1166 2994 1345 3061 pauet
1386 3002 1501 3044 nec
1541 3003 1607 3045 se
1646 2984 1784 3061 quis
1825 2984 1900 3045 sit
1941 2993 2131 3043 status
2171 2982 2301 3059 ipse
2341 2982 2573 3053 fatetur,

982 3085 1149 3143 Dum
1192 3083 1371 3143 timor
1410 3101 1483 3143 ex
1524 3083 1742 3143 mentis
1783 3081 1997 3159 frigore
2037 3081 2223 3141 corda
2261 3082 2437 3159 gelat.
2901 3086 3030 3155 1690

984 3182 1227 3258 Quippe
1268 3190 1486 3240 sonant
1526 3181 1788 3240 clamore
1827 3178 1952 3253 viri,
1997 3179 2249 3240 stridore
2289 3178 2590 3252 rudentes,

982 3280 1211 3339 Rector
1250 3288 1311 3341 et
1352 3278 1414 3335 in
1455 3278 1633 3339 remis
1674 3277 1786 3336 sert
1829 3276 2015 3336 nichil
2057 3277 2186 3353 ipse
2226 3276 2434 3353 magis,

984 3376 1209 3437 Omnia
1250 3386 1469 3453 pontus
1511 3386 1651 3450 erat,
1694 3376 1943 3435 deerant
1983 3392 2229 3451 quoque
2267 3374 2440 3433 litora
2479 3381 2686 3450 ponte,

984 3474 1171 3552 Regis
1212 3482 1273 3537 et
1314 3474 1393 3533 ad
1436 3473 1651 3533 solium
1694 3473 1806 3533 fert
1847 3491 1954 3532 sua
1997 3482 2262 3531 monstra
2301 3472 2534 3535 fretum.

894 3685 1015 3741 Hic
1052 3684 1204 3740 dicit
1240 3684 1582 3739 secundum
1622 3685 1941 3740 visionem
1979 3685 2255 3754 sompnii
2289 3686 2564 3753 qualiter
2599 3686 2788 3742 tanta
2824 3700 3031 3753 super-

822 3773 1218 3827 habundauit
1276 3775 1649 3842 tempestas,
1704 3772 1871 3840 quod
1919 3773 1998 3828 de
2047 3776 2222 3829 certo
2279 3775 2522 3841 absque
2565 3788 2760 3827 manu
2813 3773 3030 3827 diuina

824 3861 1099 3915 remedio
1142 3874 1364 3915 omnes
1401 3862 1469 3914 in
1514 3860 1688 3915 dicta
1735 3862 1888 3915 naui
1925 3861 2304 3926 healtamnt,
2345 3864 2412 3917 et
2451 3861 2631 3915 deum
2675 3875 2865 3930 super
2910 3861 3030 3916 hoc

823 3950 1115 4017 precipue
1139 3948 1397 4017 quilibet
1421 3963 1615 4003 sexus
1638 3948 1898 4016 ingenui
1918 3948 2219 4004 deuoeius
2242 3949 2575 4005 exorabat.

572 4070 768 4147 Capru.
797 4068 953 4129 xviii.
1072 4068 1375 4142 Ceruleu5‚
1419 4066 1656 4142 rubeus,
1702 4069 1894 4146 pingit
1932 4070 2206 4146 geminus
2245 4071 2414 4129 color
2453 4087 2676 4143 arcum,

988 4166 1068 4224 Et
1111 4165 1271 4224 furor
1309 4166 1585 4226 ethereus
1628 4165 1895 4243 vndique
1935 4184 2172 4243 spersus
2213 4166 2421 4242 adest5

896 4314 1025 4373 1669
1062 4311 1341 4375 pugnaque
1381 4310 1601 4361 CEDH2
1670 4313 1988 4379 Pungnaque
2029 4312 2221 4363 SHGT
2498 4316 2627 4379 1675
2660 4314 2886 4367 tumidus
2931 4313 3032 4365 ΕΗ

832 4391 957 4451 1693
990 4398 1141 4439 erant
1164 4388 1258 4438 ΕΙ)
2467 4408 2470 4411 ’

894 4468 1022 4531 Cap.
1049 4468 1192 4520 xviii.
1215 4466 1457 4533 Heading
1518 4484 1549 4519 a
1574 4468 1641 4519 de
1658 4475 1804 4521 certo
1827 4470 2060 4521 remedio
2081 4470 2278 4533 abnue
2299 4484 2455 4521 manu
2479 4471 2657 4522 diuina
2679 4470 2878 4521 CEHD
