3434 5142
945 467 1415 533 CAPITULA
1474 466 1734 533 LIBRI
1797 466 2070 532 PRIMI
2361 552 2366 557 ἱ
2667 490 2707 552 5

625 724 704 785 de
730 733 923 786 morte
951 723 1399 785 cantuariensis
1426 725 1894 803 Archiepiscopi.

294 824 499 899 Capm.
543 841 636 881 xv.
678 821 801 882 Hic
836 831 1046 881 tractat
1079 822 1323 882 vlterius
1362 823 1695 884 secundum
1729 824 2019 885 visionem
2061 824 2321 902 sompnii
2359 824 2438 886 de
2473 826 2710 887 diuersa

624 918 1051 996 persecucione
1070 930 1131 979 et
1158 919 1481 993 occisione,
1505 938 1655 998 quas
1684 920 1747 979 in
1775 920 1938 981 dicta
1963 920 2224 982 Ciuitate
2253 922 2706 999 quodammodo

624 1016 855 1093 absque
895 1015 1013 1076 vlla
1052 1034 1163 1092 pro
1202 1025 1347 1076 tunc
1394 1018 1750 1080 defensione
1797 1019 1948 1079 furie
1989 1020 2344 1095 supradicte,
2390 1021 2704 1097 prodolor!

628 1114 943 1187 faciebant,
984 1123 1047 1173 et
1084 1114 1335 1191 qualiter
1374 1115 1720 1177 huiusmodi
1759 1116 1920 1177 fama
1955 1116 2180 1177 vicinas
2217 1120 2527 1195 perterruit
2569 1120 2708 1178 ciui-

628 1222 795 1272 tates.

295 1313 499 1389 Capm.
530 1310 646 1370 xvi.
694 1311 818 1369 Hic
865 1310 1092 1388 plangit
1130 1310 1465 1372 secundum
1508 1312 1801 1373 visionem
1843 1312 2103 1389 sompnii
2150 1314 2320 1390 quasi
2364 1312 2425 1373 in
2474 1314 2709 1392 propria

628 1426 883 1485 persona
921 1408 1159 1469 dolores
1200 1426 1426 1484 eorum,
1456 1410 1561 1487 qui
1602 1410 1663 1469 in
1706 1411 1872 1471 siluis
1915 1420 1974 1471 et
2014 1411 2314 1487 speluncis
2354 1429 2460 1488 pre
2497 1412 2709 1473 timore

626 1507 913 1583 temporis
938 1506 1093 1567 illius
1121 1506 1412 1567 latitando
1440 1525 1507 1567 se
1534 1508 1896 1568 munierunt.

298 1607 504 1683 Capm.
535 1604 671 1665 xvii.
717 1605 1072 1665 Hic-eciam
1115 1605 1450 1666 secundum
1488 1605 1781 1665 visionem
1819 1606 2078 1683 sompnii
2116 1606 2399 1668 describit
2439 1607 2606 1685 quasi
2649 1609 2707 1665 in

627 1720 881 1780 persona
926 1702 1163 1781 propria
1209 1704 1511 1781 angustias
1562 1703 1750 1763 varias
1799 1721 1918 1781 que
1965 1702 2396 1781 contingebant
2443 1704 2556 1765 hiis
2605 1706 2708 1781 qui

628 1812 772 1861 tunc
820 1818 929 1876 pro
975 1800 1291 1862 securitate
1346 1800 1677 1877 optinenda
1731 1800 1796 1859 in
1849 1801 2088 1860 Turrim
2139 1802 2588 1862 Londoniarum
2645 1820 2709 1862 se

628 1900 932 1972 miserunt,
964 1908 1025 1959 et
1066 1897 1145 1958 de
1185 1908 1429 1975 ruptura
1468 1898 1741 1958 eiusdem
1779 1899 1990 1973 turris3
2032 1900 2242 1976 figurat
2283 1900 2446 1958 enim
2487 1900 2706 1959 dictam
2817 1888 2824 1895 '

630 1998 835 2056 turrim
864 1996 1115 2056 similem
1146 2012 1277 2056 esse
1306 1996 1447 2055 naui
1472 2014 1660 2073 prope
1686 1998 2030 2074 voraginem
2060 1996 2214 2057 Cille
2242 1996 2610 2073 periclitanti.

297 2098 500 2174 Capm.
532 2096 689 2157 xviii.
736 2096 861 2155 Hic
887 2094 1035 2155 dicit
1070 2094 1405 2154 secundum
1433 2094 1726 2154 visionem
1755 2094 2016 2171 sompnii
2045 2094 2296 2171 qualiter
2321 2103 2488 2154 tanta
2515 2113 2712 2171 super-

628 2191 1003 2253 habundauit
1042 2200 1364 2267 tempestas
1406 2190 1571 2268 quod
1613 2190 1693 2251 de
1735 2202 1898 2253 certo
1939 2190 2206 2252 remedio
2249 2190 2480 2269 absque
2527 2210 2708 2251 manu

628 2289 835 2350 diuina
882 2305 1095 2349 omnes
1142 2288 1205 2346 in
1254 2288 1415 2347 dicta
1462 2288 1601 2347 naui
1649 2288 1992 2361 hesitarunt,
2038 2299 2099 2349 et
2138 2290 2320 2349 deum
2371 2306 2548 2367 super
2595 2290 2710 2349 hoc

628 2387 910 2465 precipue
938 2384 1189 2464 quilibet
1214 2404 1391 2446 sexus
1418 2386 1659 2463 ingenui
1687 2386 1978 2448 deuocius
2006 2386 2304 2447 exorabat.

297 2488 503 2564 Capm.
532 2486 651 2545 xix.
694 2484 817 2545 Hic
866 2484 1012 2545 dicit
1058 2481 1397 2545 secundum
1448 2483 1739 2544 visionem
1795 2483 2056 2561 sompnii
2108 2484 2190 2545 de
2243 2482 2505 2561 quadam
2560 2502 2710 2545 voce

630 2582 835 2643 diuina
862 2582 923 2641 in
952 2582 1199 2643 excelsis
1225 2581 1539 2655 clamante,
1570 2590 1631 2641 et
1658 2582 1968 2659 quomodo
1994 2580 2146 2642 deus
2174 2582 2438 2657 placatus
2464 2580 2710 2641 tandem

632 2679 907 2758 precibus
962 2688 1345 2756 tempestates
1400 2679 1651 2753 sedauit,
1708 2690 1770 2740 et
1833 2680 2144 2756 quomodo
2205 2679 2376 2756 quasi
2431 2678 2493 2737 in
2549 2677 2714 2739 holo-

632 2790 905 2839 caustum
934 2796 1043 2854 pro
1070 2776 1292 2837 delicto
1320 2777 1555 2837 occisus
1584 2776 1695 2837 suit
1723 2777 1823 2839 ille
1851 2778 2159 2850 Graculus,
2191 2777 2254 2837 id
2281 2786 2372 2837 est
2399 2776 2709 2849 WalteruS,

628 2878 911 2937 furiarum
939 2876 1231 2935 dictarum
1260 2874 1641 2953 capitaneus,

298 2978 505 3055 Capm.
540 2994 631 3035 xx.
680 2975 803 3033 Hic
830 2972 1091 3050 loquitur
1118 2972 1319 3032 adhuc
1344 2971 1425 3031 de
1454 2972 1595 3031 naui
1622 2973 1749 3033 visa
1777 2973 1838 3035 in
1867 2972 2153 3049 sompnis,
2189 2972 2252 3033 id
2278 2981 2370 3033 est
2397 2973 2475 3033 de
2512 2982 2713 3033 mente

632 3090 742 3132 sua
769 3071 969 3131 adhuc
998 3068 1249 3142 turbata,
1280 3078 1343 3127 vt
1372 3068 1421 3128 si
1450 3068 1579 3146 ipse
1606 3070 1945 3131 mentaliter
1971 3068 2387 3147 sompniando,
2412 3070 2580 3147 quasi
2609 3087 2714 3146 per

628 3186 847 3229 nauem
886 3167 1058 3227 variis
1091 3165 1283 3226 ventis
1321 3165 1450 3226 sine
1486 3165 1890 3243 gubernaculo
1925 3166 2222 3243 agitatam,
2253 3183 2464 3227 omnes
2502 3166 2713 3225 mundi

632 3276 828 3344 partes
866 3283 973 3343 pro
1010 3282 1161 3342 pace
1196 3264 1415 3323 mentis
1452 3264 1772 3325 scrutanda
1809 3265 2236 3341 inuestigasset,
2267 3273 2328 3323 et
2363 3262 2607 3324 tandem
2650 3265 2711 3322 in

632 3372 831 3441 partes
860 3362 1168 3423 Britannie
1196 3361 1463 3434 Maioris,
1494 3360 1595 3421 vbi
1624 3379 1756 3422 raro
1783 3380 1897 3438 pax
1925 3371 2033 3434 est,
2063 3360 2210 3421 dicit
2237 3378 2302 3419 se
2337 3360 2708 3438 applicuisse.

630 3560 883 3620 omnino
937 3556 1219 3619 scriberet
1246 3575 1317 3617 ea
1348 3574 1467 3634 que
1491 3558 1575 3617 de
1602 3557 1834 3619 mundo
1854 3558 1917 3617 in
1945 3558 2050 3619 illo
2075 3557 2361 3618 scrutinio
2382 3556 2625 3618 vidisset
2651 3569 2712 3617 et

629 3656 932 3731 audisset3
972 3666 1033 3717 et
1061 3656 1141 3715 ita
1168 3655 1517 3715 terminatur
1544 3656 1904 3733 sompnium.

292 3760 499 3838 Capm.
534 3754 655 3817 xxi.
702 3755 824 3813 Hic
852 3754 1047 3815 reddit
1067 3752 1317 3831 vigilans
1344 3754 1570 3831 gracias
1597 3752 1735 3827 dee,
1759 3753 1864 3830 qui
1891 3770 2032 3812 eum
2053 3751 2116 3811 in
2143 3752 2411 3829 sompnis
2436 3768 2474 3812 a
2501 3752 2712 3830 pelago

631 3851 922 3913 liberauit.

914 4022 1301 4097 Expliciunt
1340 4021 1657 4098 eapitula
1694 4022 1854 4081 libri
1893 4020 2113 4096 primi.
