3434 5142
1207 470 1492 555 LIBER
1546 470 1963 539 TERCIUS
2566 494 2689 557 149

551 642 896 711 Postquam
931 642 1164 699 dictum
1201 645 1306 699 est
1339 642 1418 699 de
1456 658 1670 699 errore
1705 644 1953 699 illorum
1989 646 2097 714 qui
2119 645 2187 701 in
2210 647 2483 703 ecclesia
2505 646 2685 703 bene-

483 730 681 785 ficiati
699 730 1007 794 existunt,
1019 731 1147 785 iam
1174 730 1501 786 dicendum
1523 734 1626 787 est
1641 731 1718 785 de
1735 732 2101 801 presbiteri·
2117 734 2582 802 stipendiarii„
2605 733 2683 789 de

484 818 723 873 talibus
735 818 986 883 saltem,
1001 818 1108 887 qui
1119 833 1250 873 non
1259 821 1520 889 propter
1532 819 1912 874 mundiciam
1930 821 1997 876 et
2006 819 2248 876 ordinis
2258 820 2682 888 honestatem,

483 908 585 961 set
630 906 887 975 propter
937 906 1155 960 mnndi
1205 906 1368 972 ocia,
1423 906 1686 975 gradum
1743 907 2201 976 presbiteratus
2254 911 2561 979 appetunt
2617 912 2684 964 et

483 995 835 1049 assumunt.

282 1120 478 1195 Capm.
510 1136 600 1177 xx.

727 1114 791 1177 Si
831 1116 911 1176 de
950 1114 1288 1194 presbiteris
1327 1115 1525 1176 dicam
1567 1114 1670 1194 qui
1712 1128 1853 1177 sunt
1892 1116 2022 1178 sine
2062 1116 2240 1193 curis,

647 1218 784 1276 Hos
823 1213 990 1275 viciis
1029 1214 1160 1275 aliis
1200 1214 1498 1276 cernimus
1539 1235 1670 1276 esse
1709 1236 1897 1295 pares-

645 1312 708 1374 Si
748 1322 951 1371 tamen
993 1310 1306 1373 ecclesiam
1347 1332 1474 1372 non
1515 1311 1748 1390 optinet
1787 1311 1899 1373 iste
1939 1315 2233 1387 sacerdOS,

644 1412 866 1469 Annua
907 1407 1153 1469 servicia
1191 1420 1332 1469 sunt
1371 1411 1532 1470 velut
1573 1408 1865 1469 ecclesia:

645 1508 788 1568 Plus
828 1526 1012 1584 quam
1053 1516 1170 1567 tres
1211 1508 1444 1568 dudum
1483 1526 1647 1567 nunc
1687 1505 1867 1584 exigit
1905 1526 2057 1567 vnus
2097 1507 2463 1581 habendum,

643 1603 892 1664 Strictus
931 1601 1190 1664 auaricia
1229 1605 1362 1682 plus
1403 1601 1568 1682 cupit
1607 1602 1738 1681 ipse
1779 1602 1937 1681 quia.
2556 1611 2683 1678 1560

646 1702 783 1762 Hos
824 1702 988 1761 velut
1026 1700 1281 1761 artifices
1320 1720 1503 1761 cerno
1543 1699 1811 1779 peditare
1850 1719 1957 1778 per
1994 1701 2186 1774 vrbeS,

643 1799 1000 1860 Conductos
1039 1797 1242 1876 precio
1281 1797 1435 1859 sicut
1473 1799 1657 1857 asella
1696 1799 1843 1858 foro.

646 1895 881 1974 Dignus
921 1897 1198 1956 mercede
1239 1906 1440 1955 tamen
1482 1905 1573 1955 est
1613 1894 1915 1973 operarius
1956 1893 2172 1969 omniS,

649 1996 823 2055 quta
863 1992 1230 2071 condignum
1271 1994 1436 2071 quod
1479 1992 1646 2053 labor
1686 1990 1787 2051 ille
1827 1990 2017 2070 petit:

645 2093 749 2154 Set
789 2103 990 2152 tamen
1031 2102 1094 2151 vt
1134 2092 1354 2152 vendat
1393 2088 1540 2150 nulli
1580 2088 1790 2150 diuina
1828 2088 2047 2163 licebit,

645 2188 745 2250 Sic
785 2188 999 2268 poterit
1041 2188 1222 2248 vendi
1263 2185 1444 2247 missa
1482 2206 1596 2247 nec
1637 2188 1755 2246 vlla
1794 2185 1921 2246 tibi.

644 2286 962 2348 Credimus
1003 2296 1066 2345 vt
1106 2295 1313 2344 sancta
1355 2283 1582 2346 Cristus
1624 2294 1885 2343 sacratus
1927 2281 1990 2341 in
2029 2301 2133 2342 ara

644 2385 788 2445 Non
829 2386 963 2463 plus
1003 2384 1132 2443 vult
1171 2381 1354 2443 vendi
1393 2381 1671 2443 venditus
1712 2380 1841 2459 ipse
1882 2382 2086 2441 semel.

644 2482 722 2541 Se
763 2480 892 2540 sine
931 2482 1036 2541 dat
1078 2478 1294 2559 preci0,
1339 2480 1480 2541 dare
1522 2478 1626 2556 qui
1666 2477 1837 2538 iussit
1877 2496 2044 2538 sacra
2082 2475 2296 2555 gratis:

646 2576 958 2651 Presbiter,
999 2595 1141 2655 ergo
1181 2575 1292 2637 tibi
1331 2574 1480 2653 quid
1519 2574 1672 2653 petis
1712 2574 1858 2635 inde
1896 2573 2093 2636 lucri?
2559 2593 2683 2651 1570

645 2674 805 2735 Cum
847 2672 956 2733 tibi
997 2670 1261 2746 vestituS,
1303 2682 1478 2751 aptus
1518 2671 1693 2733 fuerit
1734 2690 1979 2749 quoque
2019 2670 2227 2744 victus,

641 2773 824 2833 Vnde
865 2772 984 2833 deo
1023 2770 1206 2846 viuaS,
1251 2790 1358 2831 cur
1397 2769 1508 2830 tibi
1547 2772 1718 2848 plura
1755 2769 1911 2848 petis
1926 2772 1954 2829 ?

642 2869 705 2930 Si
747 2868 856 2931 tibi
898 2871 1033 2947 plus
1074 2880 1343 2948 superest
1382 2870 1460 2929 de
1501 2871 1684 2942 lucro,
1728 2867 1814 2927 nil
1855 2866 1965 2928 tibi
2005 2869 2266 2945 prodest,

643 2969 804 3028 Nam
846 2970 1002 3029 male
1044 2966 1342 3046 quesitum
1383 2966 1576 3027 nescit
1615 2967 1837 3028 habere
1866 2968 2135 3028 modum.

640 3068 767 3127 Aut
811 3066 1070 3127 Romam
1112 3084 1320 3143 perges
1361 3075 1688 3125 mercatum
1729 3062 1990 3124 Simonis
2029 3082 2193 3137 auro,

642 3164 767 3241 Qui
806 3174 868 3225 te
908 3174 1252 3242 promotum
1292 3163 1518 3235 reddet,
1563 3172 1623 3223 et
1662 3160 1805 3222 inde
1846 3172 2018 3221 tuum

641 3264 975 3340 Argentum
1015 3262 1186 3321 tollet
1225 3261 1544 3320 collectum
1587 3278 1694 3336 per
1734 3258 1913 3336 priuS,
1958 3268 2019 3319 et
2060 3256 2146 3317 sic

644 3360 830 3435 Quod
870 3358 982 3420 tibi
1022 3357 1206 3419 missa
1243 3355 1412 3417 dedit
1453 3354 1662 3416 Simon
1703 3356 1927 3417 habere
1967 3354 2155 3433 petit;

640 3458 767 3516 Aut
806 3454 1080 3517 meretrix
1119 3455 1379 3527 bursam,
1423 3463 1482 3513 te
1523 3451 1870 3527 luxuriante,
1913 3454 2199 3530 repletam

642 3554 880 3632 Sugget,
924 3563 986 3614 et
1025 3552 1090 3611 in
1131 3570 1382 3612 vacuam
1425 3570 1608 3628 quam
1649 3548 1771 3610 cito
1812 3550 2024 3610 reddet
2063 3568 2215 3609 eam.
2557 3561 2686 3621 1580

725 3653 912 3729 Quod
951 3650 1120 3713 dedit
1161 3647 1413 3711 ecclesia
1454 3648 1608 3709 tollit
1647 3647 1921 3709 meretrix
1961 3666 2081 3725 que
2122 3646 2403 3707 taberna:

645 3749 784 3809 Hec
825 3748 936 3808 tria
973 3750 1122 3809 dum
1163 3746 1433 3826 iungunt,
1476 3744 1671 3825 turpia
1710 3748 1881 3825 plura
1918 3754 2147 3823 gerunt.

647 3847 786 3906 Hec
827 3844 910 3906 ita
949 3865 1090 3905 cum
1130 3844 1392 3921 videam,
1431 3844 1641 3906 mundi
1683 3863 1845 3905 noua
1886 3852 2151 3903 monstra
2190 3852 2479 3919 putarem,

643 3940 707 4001 Si
748 3943 900 4003 foret
941 3944 1058 4003 hoc
1099 3962 1231 4003 raro
1271 3942 1438 4020 quod
1480 3942 1858 4019 speculamur
1896 3958 2011 4015 θος

643 4041 749 4099 Set
790 4040 932 4119 quia
969 4038 1192 4101 cotidie
1232 4050 1442 4117 potero
1483 4038 1754 4116 predicta
1790 4036 2009 4113 videre,

645 4139 802 4217 Sepe
843 4137 1026 4199 michi
1065 4136 1194 4197 visa
1233 4136 1320 4197 nil
1360 4138 1546 4197 modo
1587 4135 1769 4196 miror
1809 4155 1897 4196 ea.

643 4236 955 4313 Mergulus
995 4232 1272 4311 inmergit
1311 4232 1499 4293 fluuio
1539 4252 1650 4294 sua
1687 4234 1959 4294 membra
1998 4234 2351 4311 frequenter,

646 4334 728 4395 Et
768 4336 974 4412 longas
1015 4332 1201 4411 gignit
1242 4331 1306 4392 in
1347 4330 1640 4393 latitando
1679 4351 1913 4409 moras3

959 4461 1203 4528 Heading
1233 4476 1256 4509 1
1295 4462 1584 4525 Qostquam
1611 4463 1652 4512 S
1848 4477 1879 4510 n
1914 4462 2013 4512 iam
2036 4478 2136 4513 om.
2161 4462 2199 4511 S
