3434 5142
1172 507 1457 573 LIBER
1515 508 1970 586 QUARTUS
2418 529 2428 540 -
2560 528 2674 590 171

633 668 853 746 Sicque
894 669 1112 746 loquax
1152 667 1371 748 digitus
1414 667 1767 729 redimendo
1809 667 2054 730 silencia
2093 669 2258 730 verbi

635 766 855 841 Dictat,
901 777 961 826 et
1002 765 1063 826 in
1106 766 1241 827 rixis
1284 769 1417 845 plus
1460 766 1768 827 meretrice
1809 766 1983 826 furit:

632 864 756 926 Ora
797 877 1031 925 tument
1070 865 1170 939 ira,
1216 865 1556 943 nigrescunt
1596 863 1885 942 sanguine
1925 884 2092 938 vene,

633 961 895 1023 Lumina
934 974 1239 1024 commota
1279 962 1470 1023 lenius
1510 961 1648 1040 igne
1688 961 1929 1023 micant.

632 1061 787 1139 Sepe
828 1080 1002 1121 suum
1045 1063 1280 1122 feruens
1320 1060 1509 1121 oculis
1550 1059 1717 1120 dabit
1759 1059 1844 1120 ira
1884 1062 2164 1135 colorem,

635 1158 710 1217 In
753 1157 973 1236 quibus
1015 1157 1253 1220 alterius
1296 1158 1500 1219 mortis
1543 1178 1757 1236 ymago
1800 1169 1996 1236 patet:

635 1258 693 1316 N
698 1276 780 1317 on
821 1255 1019 1317 minus
1062 1255 1123 1316 in
1165 1259 1331 1316 vultu
1373 1257 1708 1335 dampnosa
1749 1255 2026 1334 superbia
2065 1255 2171 1316 tali
2210 1267 2316 1328 est,

637 1356 837 1430 Quam
881 1353 930 1414 si
973 1356 1051 1416 de
1092 1355 1295 1433 iugulo
1336 1366 1621 1414 sterneret
1660 1373 1804 1414 ense
1845 1373 1972 1414 suo.
2575 1363 2671 1412 180

632 1451 732 1511 Sic
774 1453 1048 1529 quamuis
1090 1454 1240 1513 ordo
1280 1450 1557 1531 prohibet
1599 1452 1818 1512 bellare
1859 1453 2182 1530 loquendo,

635 1551 885 1627 Pugnat,
930 1560 990 1610 et
1029 1549 1093 1609 in
1134 1561 1337 1611 mente
1377 1549 1618 1610 discutit
1659 1569 1804 1610 ense
1845 1561 2064 1628 caput:

638 1648 801 1706 Dum
846 1647 1052 1725 nequit
1094 1647 1221 1727 ipse
1263 1647 1444 1725 loqui,
1488 1647 1602 1707 sub
1644 1646 1841 1709 cordis
1881 1646 2156 1726 ymagine
2196 1667 2440 1708 raucum

636 1744 852 1804 Fratris
893 1743 955 1805 in
996 1744 1281 1806 invidiam
1324 1748 1597 1806 clanculo
1626 1765 1893 1805 murmur
1932 1745 2087 1824 agit:

636 1843 795 1901 Iram
836 1845 1033 1904 vultus
1075 1843 1275 1917 habet,
1318 1863 1427 1922 pro
1469 1843 1663 1904 verbis
1706 1862 2008 1903 murmura
2049 1840 2260 1925 reddit,

635 1941 713 1999 Et
753 1951 929 2001 necat
968 1939 1032 2001 in
1074 1952 1291 2014 mente,
1337 1961 1516 2019 quem
1560 1961 1772 2002 manus
1814 1940 1944 2020 ipsa
1983 1939 2206 2017 nequit.

631 2038 807 2098 Tunc
848 2040 1038 2116 pallor
1076 2041 1289 2112 vultuS‚
1334 2037 1583 2117 suspiria
1623 2037 1895 2116 pectoris,
1940 2039 2146 2098 horror

628 2137 927 2212 Aspectus
970 2147 1132 2196 mote
1172 2134 1393 2196 nuncia
1432 2135 1648 2196 mentis
1690 2145 1902 2212 erunt;

632 2231 939 2310 Quicquid
980 2235 1165 2294 homo
1206 2233 1426 2312 patitur
1464 2253 1605 2293 nam
1646 2253 1855 2294 sensus
1896 2232 2209 2294 exteriores

633 2329 886 2391 Interior
926 2343 1124 2392 motus
1165 2333 1245 2393 ad
1286 2352 1394 2392 sua
1432 2331 1601 2409 signa
1640 2342 1861 2392 mouet.
2577 2355 2671 2406 190

711 2428 947 2507 Allegat
987 2430 1183 2488 vultus
1226 2430 1505 2490 affectum
1549 2429 1782 2503 mentiS,
1826 2441 1886 2489 et
1927 2428 2074 2489 iram

634 2525 898 2586 Pectoris
938 2527 1178 2588 accensi
1217 2529 1295 2590 de
1335 2526 1621 2606 grauitate
1664 2539 1832 2588 notat
1859 2551 1872 2586 ε

630 2625 848 2684 Nullus
890 2623 1049 2684 enim
1093 2625 1328 2698 mentiS,
1373 2636 1436 2685 vt
1476 2645 1541 2686 se
1580 2625 1709 2687 sine
1751 2645 1900 2686 voce
1939 2626 2232 2702 loquatur,

632 2721 826 2781 Index
866 2742 1047 2800 quam
1089 2725 1285 2804 vultus
1328 2723 1552 2784 cercior
1592 2743 1724 2784 esse
1763 2733 1977 2802 potest.

635 2818 942 2896 Quicquid
985 2819 1167 2881 habet
1208 2813 1386 2881 ves'tis
1428 2821 1675 2898 nigredo
1716 2817 2125 2898 simplicitatiS,

568 2963 575 2970 .
631 2915 800 2991 Quid
840 2919 982 2978 latet
1022 2916 1267 2978 interius
1308 2918 1711 2996 experimenta
1751 2919 1990 2980 docent.

630 3013 1005 3092 Prepositum
1047 3017 1347 3076 monacho
1388 3017 1718 3076 monachus
1759 3014 2066 3094 postponit
2105 3034 2326 3088 amore,

631 3111 875 3172 Inuidet
916 3114 1026 3173 hos
1069 3133 1297 3186 omneS,
1340 3133 1493 3191 quos
1534 3111 1744 3190 nequit
1782 3111 1910 3190 ipse
1952 3111 2138 3189 sequi.

631 3210 931 3270 Conuolat
971 3211 1053 3270 ad
1093 3213 1331 3288 pulsum
1373 3229 1665 3287 campane
1705 3208 1974 3287 quisquis
2017 3208 2079 3269 in
2121 3228 2324 3283 vnum,

629 3306 873 3367 Ordinis
914 3319 974 3368 et
1015 3308 1205 3368 forma
1244 3318 1441 3368 cetera
1478 3325 1632 3367 vana
1670 3308 1905 3367 ferunt:
2571 3330 2666 3366 200

630 3406 766 3464 Vox
806 3404 968 3466 canit
1008 3404 1138 3484 ipsa
1177 3407 1361 3465 choro
1403 3403 1559 3478 foriS,
1605 3414 1665 3464 et
1706 3424 1876 3464 mens
1919 3413 2246 3464 murmurat
2286 3402 2462 3476 intu5‚

630 3502 719 3563 Os
759 3502 908 3581 petit
947 3502 1011 3562 in
1051 3504 1199 3577 ce10,
1246 3521 1414 3580 mens
1456 3512 1546 3562 set
1585 3499 1647 3560 in
1688 3500 1858 3576 orbe,
1898 3503 2114 3563 locum.

629 3599 727 3661 Sic
768 3619 894 3660 non
936 3599 1242 3661 materiam
1284 3609 1524 3660 seruant
1564 3610 1653 3660 set
1694 3599 1758 3659 in
1799 3599 2008 3659 ordine
2049 3600 2300 3659 formam
2327 3619 2345 3672 ;

629 3697 943 3758 Fructibus
984 3697 1195 3759 ablatis
1237 3718 1452 3777 corpus
1492 3695 1671 3757 inane
1712 3698 1960 3757 fouent:

628 3796 727 3856 Sic
769 3807 931 3874 patet
972 3796 1224 3856 exterius
1265 3795 1433 3855 labor
1473 3807 1533 3855 et
1574 3793 1894 3874 sapiencia,
1935 3806 2027 3856 set
2067 3793 2214 3872 quid

626 3893 883 3954 Stulcior
922 3892 1165 3954 interius
1208 3903 1464 3971 occupat
1502 3904 1671 3952 actus
1712 3912 1836 3954 eOS.

534 4095 653 4150 Hic
668 4045 943 4164 loquitur
960 4095 1037 4150 de
1059 4094 1391 4150 monachis
1413 4094 1542 4148 illis
1567 4095 1675 4162 qui
1700 4096 1928 4148 contra
1950 4093 2272 4163 primitiua
2295 4093 2398 4149 eui
2422 4095 2668 4150 ordmie

462 4185 713 4238 statuta
742 4183 957 4237 mundi
989 4183 1255 4237 diuiciae
1284 4181 1367 4236 ad
1399 4197 1558 4236 vaus
1586 4183 1813 4246 malos,
1838 4197 1956 4237 suo
1982 4181 2306 4240 nesciente
2329 4184 2666 4253 preposito,

462 4271 828 4340 apropriare
852 4271 975 4326 sibi
999 4270 1284 4325 clanculo
1308 4271 1691 4338 presumunt.

246 4387 444 4464 Capm.
476 4382 575 4443 iiii.
711 4384 896 4444 Nulla
933 4401 1153 4444 vouere
1193 4380 1358 4442 iuuat
1396 4380 1581 4441 cicius
1623 4400 1806 4459 quam
1845 4382 2111 4460 frangere
2151 4393 2381 4456 votum,

1052 4511 1145 4561 ¹77
1180 4495 1343 4548 oculis
1363 4494 1409 4546 T
1474 4493 1655 4546 oculus
1677 4493 2089 4546 SCEHGDLHz
