<?xml version="1.0" encoding="UTF-8"?>
<!DOCTYPE html PUBLIC "-//W3C//DTD XHTML 1.0 Transitional//EN"
    "http://www.w3.org/TR/xhtml1/DTD/xhtml1-transitional.dtd">
<html xmlns="http://www.w3.org/1999/xhtml" xml:lang="en" lang="en">
 <head>
  <title>
</title>
<meta http-equiv="Content-Type" content="text/html;charset=utf-8" />
  <meta name='ocr-system' content='tesseract 3.04.00' />
  <meta name='ocr-capabilities' content='ocr_page ocr_carea ocr_par ocr_line ocrx_word'/>
</head>
<body>
  <div class='ocr_page' id='page_1' title='image "./completeworksjo01macagoog_0384.png"; bbox 0 0 3434 5142; ppageno 0'>
   <div class='ocr_carea' id='block_1_1' title="bbox 843 484 2348 571">
    <p class='ocr_par' dir='ltr' id='par_1_1' title="bbox 843 484 2348 571">
     <span class='ocr_line' id='line_1_1' title="bbox 843 484 2348 571; baseline -0.001 -20"><span class='ocrx_word' id='word_1_1' title='bbox 843 510 967 571; x_wconf 81' lang='lat'><strong>294</strong></span> <span class='ocrx_word' id='word_1_2' title='bbox 1552 486 1748 555; x_wconf 87' lang='lat' dir='ltr'><strong>VOX</strong></span> <span class='ocrx_word' id='word_1_3' title='bbox 1806 484 2348 553; x_wconf 84' lang='lat' dir='ltr'><strong>CLAMANTIS</strong></span> 
     </span>
    </p>
   </div>
   <div class='ocr_carea' id='block_1_2' title="bbox 841 660 3047 810">
    <p class='ocr_par' dir='ltr' id='par_1_2' title="bbox 841 660 3047 810">
     <span class='ocr_line' id='line_1_2' title="bbox 914 660 3047 737; baseline -0.003 -15"><span class='ocrx_word' id='word_1_4' title='bbox 914 668 1031 723; x_wconf 84' lang='lat' dir='ltr'><strong>Hic</strong></span> <span class='ocrx_word' id='word_1_5' title='bbox 1089 667 1364 737; x_wconf 79' lang='lat' dir='ltr'><strong>loquitur</strong></span> <span class='ocrx_word' id='word_1_6' title='bbox 1429 664 1509 721; x_wconf 79' lang='lat' dir='ltr'><strong>de</strong></span> <span class='ocrx_word' id='word_1_7' title='bbox 1573 662 1859 734; x_wconf 72' lang='lat' dir='ltr'><strong>corpori·</strong></span> <span class='ocrx_word' id='word_1_8' title='bbox 1925 661 2159 717; x_wconf 68' lang='lat' dir='ltr'><strong>mon-tui</strong></span> <span class='ocrx_word' id='word_1_9' title='bbox 2224 660 2633 732; x_wconf 77' lang='lat' dir='ltr'><strong>eorrupcione</strong></span> <span class='ocrx_word' id='word_1_10' title='bbox 2700 662 3047 718; x_wconf 71' lang='lat' dir='ltr'><strong>secundum</strong></span> 
     </span>
     <span class='ocr_line' id='line_1_3' title="bbox 841 755 1222 810; baseline 0.003 -1"><span class='ocrx_word' id='word_1_11' title='bbox 841 755 1222 810; x_wconf 74' lang='lat' dir='ltr'><strong>Anax-iciam.</strong></span> 
     </span>
    </p>
   </div>
   <div class='ocr_carea' id='block_1_3' title="bbox 639 870 3049 3200">
    <p class='ocr_par' dir='ltr' id='par_1_3' title="bbox 639 870 2645 1537">
     <span class='ocr_line' id='line_1_4' title="bbox 639 870 2617 951; baseline -0.002 -17"><span class='ocrx_word' id='word_1_12' title='bbox 639 874 836 951; x_wconf 79' lang='lat' dir='ltr'><strong>Capm.</strong></span> <span class='ocrx_word' id='word_1_13' title='bbox 869 876 962 935; x_wconf 87' lang='lat' dir='ltr'><strong>xii.</strong></span> <span class='ocrx_word' id='word_1_14' title='bbox 1089 874 1148 937; x_wconf 94' lang='grc' dir='ltr'><strong>Ο</strong></span> <span class='ocrx_word' id='word_1_15' title='bbox 1189 872 1338 951; x_wconf 89' lang='lat' dir='ltr'><strong>quid</strong></span> <span class='ocrx_word' id='word_1_16' title='bbox 1376 872 1632 933; x_wconf 88' lang='lat' dir='ltr'><strong>auaricia</strong></span> <span class='ocrx_word' id='word_1_17' title='bbox 1672 889 1865 949; x_wconf 85' lang='lat' dir='ltr'>nuper</span> <span class='ocrx_word' id='word_1_18' title='bbox 1902 870 2090 932; x_wconf 88' lang='lat' dir='ltr'><strong>modo</strong></span> <span class='ocrx_word' id='word_1_19' title='bbox 2130 880 2351 948; x_wconf 62' lang='lat' dir='ltr'><strong>prestat</strong></span> <span class='ocrx_word' id='word_1_20' title='bbox 2390 872 2617 931; x_wconf 83' lang='lat' dir='ltr'><strong>auaro?</strong></span> 
     </span>
     <span class='ocr_line' id='line_1_5' title="bbox 1006 970 2231 1047; baseline -0.002 -15"><span class='ocrx_word' id='word_1_21' title='bbox 1006 972 1146 1032; x_wconf 91' lang='lat' dir='ltr'><strong>Sola</strong></span> <span class='ocrx_word' id='word_1_22' title='bbox 1187 970 1300 1032; x_wconf 86' lang='lat' dir='ltr'>sibi</span> <span class='ocrx_word' id='word_1_23' title='bbox 1342 972 1544 1031; x_wconf 88' lang='lat' dir='ltr'><strong>stricta</strong></span> <span class='ocrx_word' id='word_1_24' title='bbox 1584 971 1782 1047; x_wconf 89' lang='lat' dir='ltr'><strong>lignea</strong></span> <span class='ocrx_word' id='word_1_25' title='bbox 1823 970 1970 1029; x_wconf 86' lang='lat' dir='ltr'><strong>cista</strong></span> <span class='ocrx_word' id='word_1_26' title='bbox 2010 978 2231 1030; x_wconf 85' lang='lat' dir='ltr'><strong>manet.</strong></span> 
     </span>
     <span class='ocr_line' id='line_1_6' title="bbox 1004 1066 2343 1145; baseline -0.001 -16"><span class='ocrx_word' id='word_1_27' title='bbox 1004 1071 1190 1130; x_wconf 86' lang='lat' dir='ltr'><strong>Terra</strong></span> <span class='ocrx_word' id='word_1_28' title='bbox 1229 1068 1344 1130; x_wconf 90' lang='lat' dir='ltr'><strong>sibi</strong></span> <span class='ocrx_word' id='word_1_29' title='bbox 1383 1069 1574 1129; x_wconf 88' lang='lat' dir='ltr'><strong>fuerat</strong></span> <span class='ocrx_word' id='word_1_30' title='bbox 1615 1066 1805 1129; x_wconf 93' lang='lat' dir='ltr'><strong>nimio</strong></span> <span class='ocrx_word' id='word_1_31' title='bbox 1845 1068 2079 1145; x_wconf 85' lang='lat' dir='ltr'><strong>quesita</strong></span> <span class='ocrx_word' id='word_1_32' title='bbox 2120 1066 2343 1141; x_wconf 79' lang='lat' dir='ltr'><strong>labore,</strong></span> 
     </span>
     <span class='ocr_line' id='line_1_7' title="bbox 1008 1164 2645 1245; baseline -0.002 -17"><span class='ocrx_word' id='word_1_33' title='bbox 1008 1169 1250 1245; x_wconf 85' lang='lat' dir='ltr'><strong>Septem</strong></span> <span class='ocrx_word' id='word_1_34' title='bbox 1292 1185 1576 1244; x_wconf 83' lang='lat' dir='ltr'><strong>nuncque</strong></span> <span class='ocrx_word' id='word_1_35' title='bbox 1615 1167 1820 1243; x_wconf 71' lang='lat' dir='ltr'><strong>pedeS,</strong></span> <span class='ocrx_word' id='word_1_36' title='bbox 1864 1184 1987 1226; x_wconf 93' lang='lat' dir='ltr'><strong>non</strong></span> <span class='ocrx_word' id='word_1_37' title='bbox 2030 1166 2234 1243; x_wconf 74' lang='lat' dir='ltr'><strong>magiS,</strong></span> <span class='ocrx_word' id='word_1_38' title='bbox 2278 1164 2425 1225; x_wconf 88' lang='lat' dir='ltr'><strong>inde</strong></span> <span class='ocrx_word' id='word_1_39' title='bbox 2463 1174 2645 1226; x_wconf 84' lang='lat' dir='ltr'><strong>tenet.</strong></span> 
     </span>
     <span class='ocr_line' id='line_1_8' title="bbox 1006 1262 2423 1342; baseline -0.003 -17"><span class='ocrx_word' id='word_1_40' title='bbox 1006 1265 1129 1342; x_wconf 89' lang='lat' dir='ltr'><strong>Qui</strong></span> <span class='ocrx_word' id='word_1_41' title='bbox 1171 1266 1404 1325; x_wconf 89' lang='lat' dir='ltr'><strong>dudum</strong></span> <span class='ocrx_word' id='word_1_42' title='bbox 1446 1264 1634 1324; x_wconf 85' lang='lat' dir='ltr'><strong>fuerat</strong></span> <span class='ocrx_word' id='word_1_43' title='bbox 1675 1272 1874 1340; x_wconf 87' lang='lat' dir='ltr'><strong>raptor</strong></span> <span class='ocrx_word' id='word_1_44' title='bbox 1914 1262 2171 1341; x_wconf 86' lang='lat' dir='ltr'><strong>predans</strong></span> <span class='ocrx_word' id='word_1_45' title='bbox 2212 1264 2423 1337; x_wconf 88' lang='lat' dir='ltr'><strong>aliena,</strong></span> 
     </span>
     <span class='ocr_line' id='line_1_9' title="bbox 1005 1360 2579 1441; baseline -0.002 -18"><span class='ocrx_word' id='word_1_46' title='bbox 1005 1364 1214 1441; x_wconf 89' lang='lat' dir='ltr'><strong>Ipsum</strong></span> <span class='ocrx_word' id='word_1_47' title='bbox 1259 1381 1420 1421; x_wconf 91' lang='lat' dir='ltr'><strong>nunc</strong></span> <span class='ocrx_word' id='word_1_48' title='bbox 1460 1361 1707 1438; x_wconf 87' lang='lat' dir='ltr'><strong>predam</strong></span> <span class='ocrx_word' id='word_1_49' title='bbox 1750 1379 1909 1420; x_wconf 90' lang='lat' dir='ltr'><strong>mors</strong></span> <span class='ocrx_word' id='word_1_50' title='bbox 1950 1361 2119 1437; x_wconf 82' lang='lat' dir='ltr'><strong>quasi</strong></span> <span class='ocrx_word' id='word_1_51' title='bbox 2160 1360 2351 1438; x_wconf 88' lang='lat' dir='ltr'><strong>predo</strong></span> <span class='ocrx_word' id='word_1_52' title='bbox 2392 1360 2579 1437; x_wconf 80' lang='lat' dir='ltr'><strong>rapit:</strong></span> 
     </span>
     <span class='ocr_line' id='line_1_10' title="bbox 1005 1456 2392 1537; baseline -0.002 -18"><span class='ocrx_word' id='word_1_53' title='bbox 1005 1461 1129 1537; x_wconf 92' lang='lat' dir='ltr'><strong>Qui</strong></span> <span class='ocrx_word' id='word_1_54' title='bbox 1170 1478 1360 1537; x_wconf 87' lang='lat' dir='ltr'><strong>nuper</strong></span> <span class='ocrx_word' id='word_1_55' title='bbox 1399 1458 1577 1519; x_wconf 84' lang='lat' dir='ltr'><strong>fatuis</strong></span> <span class='ocrx_word' id='word_1_56' title='bbox 1617 1459 1811 1519; x_wconf 89' lang='lat' dir='ltr'><strong>tendit</strong></span> <span class='ocrx_word' id='word_1_57' title='bbox 1852 1476 1960 1517; x_wconf 90' lang='lat' dir='ltr'><strong>sua</strong></span> <span class='ocrx_word' id='word_1_58' title='bbox 1999 1458 2157 1518; x_wconf 88' lang='lat' dir='ltr'><strong>recia</strong></span> <span class='ocrx_word' id='word_1_59' title='bbox 2197 1456 2392 1532; x_wconf 82' lang='lat' dir='ltr'><strong>lucris,</strong></span> 
     </span>
    </p>

    <p class='ocr_par' dir='ltr' id='par_1_4' title="bbox 879 1555 3049 1635">
     <span class='ocr_line' id='line_1_11' title="bbox 879 1555 3049 1635; baseline 0 -22"><span class='ocrx_word' id='word_1_60' title='bbox 879 1604 888 1613; x_wconf 95' lang='lat'>.</span> <span class='ocrx_word' id='word_1_61' title='bbox 1006 1559 1186 1619; x_wconf 90' lang='lat' dir='ltr'><strong>Nunc</strong></span> <span class='ocrx_word' id='word_1_62' title='bbox 1226 1558 1458 1635; x_wconf 87' lang='lat' dir='ltr'><strong>capitur</strong></span> <span class='ocrx_word' id='word_1_63' title='bbox 1494 1557 1662 1617; x_wconf 89' lang='lat' dir='ltr'><strong>rethe</strong></span> <span class='ocrx_word' id='word_1_64' title='bbox 1703 1574 1829 1634; x_wconf 90' lang='lat' dir='ltr'><strong>quo</strong></span> <span class='ocrx_word' id='word_1_65' title='bbox 1861 1573 2169 1617; x_wconf 88' lang='lat' dir='ltr'><strong>remouere</strong></span> <span class='ocrx_word' id='word_1_66' title='bbox 2209 1555 2437 1634; x_wconf 88' lang='lat' dir='ltr'><strong>nequit.</strong></span> <span class='ocrx_word' id='word_1_67' title='bbox 2946 1566 3049 1615; x_wconf 84' lang='lat'><strong>800</strong></span> 
     </span>
    </p>

    <p class='ocr_par' dir='ltr' id='par_1_5' title="bbox 1000 1653 3049 3200">
     <span class='ocr_line' id='line_1_12' title="bbox 1005 1653 2267 1717; baseline -0.002 0"><span class='ocrx_word' id='word_1_68' title='bbox 1005 1656 1273 1717; x_wconf 87' lang='lat' dir='ltr'><strong>Diuicias</strong></span> <span class='ocrx_word' id='word_1_69' title='bbox 1315 1656 1530 1715; x_wconf 87' lang='lat' dir='ltr'><strong>multas</strong></span> <span class='ocrx_word' id='word_1_70' title='bbox 1573 1654 1763 1715; x_wconf 86' lang='lat' dir='ltr'><strong>vniuit</strong></span> <span class='ocrx_word' id='word_1_71' title='bbox 1803 1664 1864 1715; x_wconf 90' lang='lat' dir='ltr'><strong>et</strong></span> <span class='ocrx_word' id='word_1_72' title='bbox 1904 1655 2097 1713; x_wconf 89' lang='lat' dir='ltr'><strong>arcius</strong></span> <span class='ocrx_word' id='word_1_73' title='bbox 2138 1653 2267 1714; x_wconf 90' lang='lat' dir='ltr'><strong>illas</strong></span> 
     </span>
     <span class='ocr_line' id='line_1_13' title="bbox 1003 1752 2345 1829; baseline -0.001 -15"><span class='ocrx_word' id='word_1_74' title='bbox 1003 1752 1308 1826; x_wconf 87' lang='lat' dir='ltr'><strong>Seruabat,</strong></span> <span class='ocrx_word' id='word_1_75' title='bbox 1351 1763 1444 1813; x_wconf 88' lang='lat' dir='ltr'><strong>set</strong></span> <span class='ocrx_word' id='word_1_76' title='bbox 1483 1771 1646 1812; x_wconf 90' lang='lat' dir='ltr'><strong>nunc</strong></span> <span class='ocrx_word' id='word_1_77' title='bbox 1686 1752 1936 1829; x_wconf 87' lang='lat' dir='ltr'><strong>dissipat</strong></span> <span class='ocrx_word' id='word_1_78' title='bbox 1974 1752 2123 1811; x_wconf 86' lang='lat' dir='ltr'><strong>alter</strong></span> <span class='ocrx_word' id='word_1_79' title='bbox 2161 1770 2345 1829; x_wconf 87' lang='lat' dir='ltr'><strong>opes:</strong></span> 
     </span>
     <span class='ocr_line' id='line_1_14' title="bbox 1003 1849 2551 1930; baseline -0.002 -19"><span class='ocrx_word' id='word_1_80' title='bbox 1003 1851 1144 1926; x_wconf 89' lang='lat' dir='ltr'><strong>Que</strong></span> <span class='ocrx_word' id='word_1_81' title='bbox 1183 1851 1352 1930; x_wconf 81' lang='lat' dir='ltr'><strong>quasi</strong></span> <span class='ocrx_word' id='word_1_82' title='bbox 1395 1850 1516 1911; x_wconf 84' lang='lat' dir='ltr'><strong>fine</strong></span> <span class='ocrx_word' id='word_1_83' title='bbox 1557 1868 1765 1910; x_wconf 77' lang='lat' dir='ltr'><strong>carens</strong></span> <span class='ocrx_word' id='word_1_84' title='bbox 1810 1850 1997 1910; x_wconf 82' lang='lat' dir='ltr'><strong>suerat</strong></span> <span class='ocrx_word' id='word_1_85' title='bbox 2038 1850 2335 1926; x_wconf 86' lang='lat' dir='ltr'><strong>possessio</strong></span> <span class='ocrx_word' id='word_1_86' title='bbox 2376 1849 2551 1927; x_wconf 85' lang='lat' dir='ltr'><strong>larga,</strong></span> 
     </span>
     <span class='ocr_line' id='line_1_15' title="bbox 1000 1946 2247 2007; baseline -0.001 -1"><span class='ocrx_word' id='word_1_87' title='bbox 1000 1948 1262 2007; x_wconf 88' lang='lat' dir='ltr'><strong>Transiit</strong></span> <span class='ocrx_word' id='word_1_88' title='bbox 1303 1956 1364 2007; x_wconf 89' lang='lat' dir='ltr'><strong>et</strong></span> <span class='ocrx_word' id='word_1_89' title='bbox 1404 1946 1604 2007; x_wconf 90' lang='lat' dir='ltr'><strong>subito</strong></span> <span class='ocrx_word' id='word_1_90' title='bbox 1647 1947 1810 2007; x_wconf 88' lang='lat' dir='ltr'><strong>nulla</strong></span> <span class='ocrx_word' id='word_1_91' title='bbox 1850 1948 2133 2007; x_wconf 85' lang='lat' dir='ltr'><strong>remansit</strong></span> <span class='ocrx_word' id='word_1_92' title='bbox 2174 1947 2247 2006; x_wconf 90' lang='lat' dir='ltr'><strong>ei.</strong></span> 
     </span>
     <span class='ocr_line' id='line_1_16' title="bbox 1000 2042 2567 2122; baseline -0.002 -17"><span class='ocrx_word' id='word_1_93' title='bbox 1000 2044 1242 2105; x_wconf 86' lang='lat' dir='ltr'><strong>Gaudet</strong></span> <span class='ocrx_word' id='word_1_94' title='bbox 1282 2045 1444 2104; x_wconf 89' lang='lat' dir='ltr'><strong>enim</strong></span> <span class='ocrx_word' id='word_1_95' title='bbox 1486 2042 1705 2104; x_wconf 85' lang='lat' dir='ltr'><strong>coniux</strong></span> <span class='ocrx_word' id='word_1_96' title='bbox 1746 2045 1950 2122; x_wconf 86' lang='lat' dir='ltr'><strong>sponsi</strong></span> <span class='ocrx_word' id='word_1_97' title='bbox 1992 2044 2261 2104; x_wconf 74' lang='lat' dir='ltr'><strong>nouitate</strong></span> <span class='ocrx_word' id='word_1_98' title='bbox 2300 2044 2567 2117; x_wconf 88' lang='lat' dir='ltr'><strong>secundi,</strong></span> 
     </span>
     <span class='ocr_line' id='line_1_17' title="bbox 1003 2142 2421 2217; baseline -0.002 -13"><span class='ocrx_word' id='word_1_99' title='bbox 1003 2144 1136 2204; x_wconf 88' lang='lat' dir='ltr'><strong>Nec</strong></span> <span class='ocrx_word' id='word_1_100' title='bbox 1175 2142 1290 2202; x_wconf 82' lang='lat' dir='ltr'><strong>sibi</strong></span> <span class='ocrx_word' id='word_1_101' title='bbox 1331 2160 1436 2202; x_wconf 89' lang='lat' dir='ltr'><strong>cor</strong></span> <span class='ocrx_word' id='word_1_102' title='bbox 1475 2144 1811 2203; x_wconf 90' lang='lat' dir='ltr'><strong>meminens</strong></span> <span class='ocrx_word' id='word_1_103' title='bbox 1852 2142 2159 2203; x_wconf 87' lang='lat' dir='ltr'><strong>anterioris</strong></span> <span class='ocrx_word' id='word_1_104' title='bbox 2200 2142 2421 2217; x_wconf 85' lang='lat' dir='ltr'><strong>habet3</strong></span> 
     </span>
     <span class='ocr_line' id='line_1_18' title="bbox 1005 2240 2341 2318; baseline -0.001 -17"><span class='ocrx_word' id='word_1_105' title='bbox 1005 2242 1335 2301; x_wconf 88' lang='lat' dir='ltr'><strong>Immemor</strong></span> <span class='ocrx_word' id='word_1_106' title='bbox 1375 2250 1436 2302; x_wconf 90' lang='lat' dir='ltr'><strong>et</strong></span> <span class='ocrx_word' id='word_1_107' title='bbox 1477 2242 1658 2318; x_wconf 89' lang='lat' dir='ltr'><strong>patris</strong></span> <span class='ocrx_word' id='word_1_108' title='bbox 1699 2241 1915 2301; x_wconf 86' lang='lat' dir='ltr'><strong>letatur</strong></span> <span class='ocrx_word' id='word_1_109' title='bbox 1954 2240 2111 2300; x_wconf 84' lang='lat' dir='ltr'><strong>filius</strong></span> <span class='ocrx_word' id='word_1_110' title='bbox 2152 2240 2341 2315; x_wconf 75' lang='lat' dir='ltr'><strong>hereS,</strong></span> 
     </span>
     <span class='ocr_line' id='line_1_19' title="bbox 1004 2336 2419 2416; baseline 0.001 -19"><span class='ocrx_word' id='word_1_111' title='bbox 1004 2339 1138 2399; x_wconf 91' lang='lat' dir='ltr'><strong>Nec</strong></span> <span class='ocrx_word' id='word_1_112' title='bbox 1179 2336 1292 2399; x_wconf 85' lang='lat' dir='ltr'><strong>sibi</strong></span> <span class='ocrx_word' id='word_1_113' title='bbox 1335 2338 1438 2416; x_wconf 89' lang='lat' dir='ltr'><strong>qui</strong></span> <span class='ocrx_word' id='word_1_114' title='bbox 1480 2338 1729 2398; x_wconf 88' lang='lat' dir='ltr'><strong>moritur</strong></span> <span class='ocrx_word' id='word_1_115' title='bbox 1768 2356 1919 2397; x_wconf 83' lang='lat' dir='ltr'><strong>vnus</strong></span> <span class='ocrx_word' id='word_1_116' title='bbox 1960 2338 2189 2397; x_wconf 88' lang='lat' dir='ltr'><strong>amicus</strong></span> <span class='ocrx_word' id='word_1_117' title='bbox 2230 2336 2419 2398; x_wconf 87' lang='lat' dir='ltr'><strong>adest.</strong></span> 
     </span>
     <span class='ocr_line' id='line_1_20' title="bbox 1003 2434 2416 2514; baseline 0 -19"><span class='ocrx_word' id='word_1_118' title='bbox 1003 2436 1102 2495; x_wconf 90' lang='lat' dir='ltr'><strong>Sic</strong></span> <span class='ocrx_word' id='word_1_119' title='bbox 1142 2437 1246 2513; x_wconf 92' lang='lat' dir='ltr'><strong>qui</strong></span> <span class='ocrx_word' id='word_1_120' title='bbox 1290 2455 1382 2495; x_wconf 89' lang='lat' dir='ltr'><strong>res</strong></span> <span class='ocrx_word' id='word_1_121' title='bbox 1423 2435 1601 2496; x_wconf 87' lang='lat' dir='ltr'><strong>rebus</strong></span> <span class='ocrx_word' id='word_1_122' title='bbox 1641 2454 1814 2513; x_wconf 84' lang='lat' dir='ltr'><strong>agros</strong></span> <span class='ocrx_word' id='word_1_123' title='bbox 1856 2446 1915 2496; x_wconf 88' lang='lat' dir='ltr'><strong>et</strong></span> <span class='ocrx_word' id='word_1_124' title='bbox 1955 2436 2107 2514; x_wconf 84' lang='lat' dir='ltr'><strong>agris</strong></span> <span class='ocrx_word' id='word_1_125' title='bbox 2150 2434 2416 2510; x_wconf 87' lang='lat' dir='ltr'><strong>sociauit,</strong></span> 
     </span>
     <span class='ocr_line' id='line_1_21' title="bbox 1001 2534 3049 2612; baseline -0.001 -19"><span class='ocrx_word' id='word_1_126' title='bbox 1001 2535 1308 2595; x_wconf 92' lang='lat' dir='ltr'><strong>Ammodo</strong></span> <span class='ocrx_word' id='word_1_127' title='bbox 1351 2534 1429 2595; x_wconf 92' lang='lat' dir='ltr'><strong>de</strong></span> <span class='ocrx_word' id='word_1_128' title='bbox 1469 2534 1694 2612; x_wconf 88' lang='lat' dir='ltr'><strong>questis</strong></span> <span class='ocrx_word' id='word_1_129' title='bbox 1734 2534 1845 2594; x_wconf 83' lang='lat' dir='ltr'><strong>fert</strong></span> <span class='ocrx_word' id='word_1_130' title='bbox 1885 2534 2068 2594; x_wconf 84' lang='lat' dir='ltr'><strong>nichil</strong></span> <span class='ocrx_word' id='word_1_131' title='bbox 2110 2536 2239 2611; x_wconf 81' lang='lat' dir='ltr'><strong>ipse</strong></span> <span class='ocrx_word' id='word_1_132' title='bbox 2280 2536 2439 2594; x_wconf 85' lang='lat' dir='ltr'><strong>suis:</strong></span> <span class='ocrx_word' id='word_1_133' title='bbox 2944 2542 3049 2593; x_wconf 85' lang='lat'><strong>810</strong></span> 
     </span>
     <span class='ocr_line' id='line_1_22' title="bbox 1003 2631 2633 2709; baseline 0.001 -20"><span class='ocrx_word' id='word_1_134' title='bbox 1003 2631 1270 2691; x_wconf 86' lang='lat' dir='ltr'><strong>Abstulit</strong></span> <span class='ocrx_word' id='word_1_135' title='bbox 1313 2652 1430 2691; x_wconf 89' lang='lat' dir='ltr'><strong>vna</strong></span> <span class='ocrx_word' id='word_1_136' title='bbox 1469 2632 1600 2692; x_wconf 60' lang='lat' dir='ltr'><strong>dies</strong></span> <span class='ocrx_word' id='word_1_137' title='bbox 1641 2632 1932 2709; x_wconf 89' lang='lat' dir='ltr'><strong>quicquid</strong></span> <span class='ocrx_word' id='word_1_138' title='bbox 1974 2632 2089 2693; x_wconf 89' lang='lat' dir='ltr'><strong>sibi</strong></span> <span class='ocrx_word' id='word_1_139' title='bbox 2130 2632 2385 2693; x_wconf 89' lang='lat' dir='ltr'><strong>contulit</strong></span> <span class='ocrx_word' id='word_1_140' title='bbox 2424 2650 2633 2704; x_wconf 84' lang='lat' dir='ltr'><strong>annus,</strong></span> 
     </span>
     <span class='ocr_line' id='line_1_23' title="bbox 1007 2728 2349 2807; baseline 0.002 -18"><span class='ocrx_word' id='word_1_141' title='bbox 1007 2730 1086 2789; x_wconf 91' lang='lat' dir='ltr'><strong>Et</strong></span> <span class='ocrx_word' id='word_1_142' title='bbox 1128 2728 1296 2789; x_wconf 82' lang='lat' dir='ltr'><strong>labor</strong></span> <span class='ocrx_word' id='word_1_143' title='bbox 1335 2748 1372 2789; x_wconf 91' lang='lat' dir='ltr'><strong>a</strong></span> <span class='ocrx_word' id='word_1_144' title='bbox 1411 2729 1593 2805; x_wconf 88' lang='lat' dir='ltr'><strong>longo</strong></span> <span class='ocrx_word' id='word_1_145' title='bbox 1634 2740 1904 2807; x_wconf 87' lang='lat' dir='ltr'><strong>tempore</strong></span> <span class='ocrx_word' id='word_1_146' title='bbox 1944 2748 2147 2791; x_wconf 89' lang='lat' dir='ltr'><strong>cassus</strong></span> <span class='ocrx_word' id='word_1_147' title='bbox 2187 2730 2349 2792; x_wconf 87' lang='lat' dir='ltr'><strong>abit:</strong></span> 
     </span>
     <span class='ocr_line' id='line_1_24' title="bbox 1004 2827 2575 2906; baseline 0.001 -20"><span class='ocrx_word' id='word_1_148' title='bbox 1004 2827 1372 2904; x_wconf 85' lang='lat' dir='ltr'><strong>Pauperibus</strong></span> <span class='ocrx_word' id='word_1_149' title='bbox 1416 2827 1656 2887; x_wconf 85' lang='lat' dir='ltr'><strong>bursam</strong></span> <span class='ocrx_word' id='word_1_150' title='bbox 1697 2828 1802 2905; x_wconf 84' lang='lat' dir='ltr'><strong>qui</strong></span> <span class='ocrx_word' id='word_1_151' title='bbox 1842 2828 2147 2903; x_wconf 82' lang='lat' dir='ltr'><strong>clauserat,</strong></span> <span class='ocrx_word' id='word_1_152' title='bbox 2192 2828 2417 2906; x_wconf 83' lang='lat' dir='ltr'><strong>indiget</strong></span> <span class='ocrx_word' id='word_1_153' title='bbox 2459 2828 2575 2901; x_wconf 86' lang='lat' dir='ltr'><strong>ille,</strong></span> 
     </span>
     <span class='ocr_line' id='line_1_25' title="bbox 1005 2924 2156 3003; baseline 0.003 -19"><span class='ocrx_word' id='word_1_154' title='bbox 1005 2926 1136 2985; x_wconf 91' lang='lat' dir='ltr'><strong>Nec</strong></span> <span class='ocrx_word' id='word_1_155' title='bbox 1176 2926 1331 2985; x_wconf 90' lang='lat' dir='ltr'><strong>valet</strong></span> <span class='ocrx_word' id='word_1_156' title='bbox 1371 2924 1598 3003; x_wconf 88' lang='lat' dir='ltr'><strong>argenti</strong></span> <span class='ocrx_word' id='word_1_157' title='bbox 1637 2924 1817 3003; x_wconf 91' lang='lat' dir='ltr'><strong>copia</strong></span> <span class='ocrx_word' id='word_1_158' title='bbox 1856 2937 1984 2986; x_wconf 91' lang='lat' dir='ltr'><strong>tota</strong></span> <span class='ocrx_word' id='word_1_159' title='bbox 2024 2926 2156 2987; x_wconf 90' lang='lat' dir='ltr'><strong>sibi.</strong></span> 
     </span>
     <span class='ocr_line' id='line_1_26' title="bbox 1005 3022 2632 3101; baseline 0.001 -20"><span class='ocrx_word' id='word_1_160' title='bbox 1005 3024 1063 3081; x_wconf 94' lang='lat' dir='ltr'>N</span> <span class='ocrx_word' id='word_1_161' title='bbox 1069 3022 1108 3081; x_wconf 92' lang='lat' dir='ltr'><strong>il</strong></span> <span class='ocrx_word' id='word_1_162' title='bbox 1151 3022 1325 3083; x_wconf 91' lang='lat' dir='ltr'><strong>dolus</strong></span> <span class='ocrx_word' id='word_1_163' title='bbox 1365 3034 1469 3084; x_wconf 89' lang='lat' dir='ltr'><strong>aut</strong></span> <span class='ocrx_word' id='word_1_164' title='bbox 1510 3025 1751 3098; x_wconf 85' lang='lat' dir='ltr'><strong>furtum,</strong></span> <span class='ocrx_word' id='word_1_165' title='bbox 1796 3025 1881 3083; x_wconf 90' lang='lat' dir='ltr'><strong>nil</strong></span> <span class='ocrx_word' id='word_1_166' title='bbox 1920 3024 2359 3085; x_wconf 85' lang='lat' dir='ltr'><strong>circumveneio</strong></span> <span class='ocrx_word' id='word_1_167' title='bbox 2400 3040 2632 3101; x_wconf 77' lang='lat' dir='ltr'><strong>corpuS,</strong></span> 
     </span>
     <span class='ocr_line' id='line_1_27' title="bbox 1007 3120 2327 3200; baseline 0.002 -22"><span class='ocrx_word' id='word_1_168' title='bbox 1007 3120 1137 3179; x_wconf 90' lang='lat' dir='ltr'><strong>Iam</strong></span> <span class='ocrx_word' id='word_1_169' title='bbox 1181 3139 1379 3199; x_wconf 87' lang='lat' dir='ltr'><strong>neque</strong></span> <span class='ocrx_word' id='word_1_170' title='bbox 1419 3122 1650 3199; x_wconf 88' lang='lat' dir='ltr'><strong>periura</strong></span> <span class='ocrx_word' id='word_1_171' title='bbox 1691 3122 1837 3182; x_wconf 83' lang='lat' dir='ltr'><strong>salsa</strong></span> <span class='ocrx_word' id='word_1_172' title='bbox 1876 3122 2101 3200; x_wconf 86' lang='lat' dir='ltr'><strong>cupido</strong></span> <span class='ocrx_word' id='word_1_173' title='bbox 2142 3122 2327 3182; x_wconf 87' lang='lat' dir='ltr'><strong>iuuat.</strong></span> 
     </span>
    </p>
   </div>
   <div class='ocr_carea' id='block_1_4' title="bbox 841 3338 3041 3483">
    <p class='ocr_par' dir='ltr' id='par_1_6' title="bbox 841 3338 3041 3483">
     <span class='ocr_line' id='line_1_28' title="bbox 911 3338 3041 3411; baseline 0 -17"><span class='ocrx_word' id='word_1_174' title='bbox 911 3338 1030 3396; x_wconf 84' lang='lat' dir='ltr'><strong>Hic</strong></span> <span class='ocrx_word' id='word_1_175' title='bbox 1096 3341 1372 3410; x_wconf 73' lang='lat' dir='ltr'><strong>loquitur</strong></span> <span class='ocrx_word' id='word_1_176' title='bbox 1436 3340 1516 3396; x_wconf 79' lang='lat' dir='ltr'><strong>de</strong></span> <span class='ocrx_word' id='word_1_177' title='bbox 1579 3342 1864 3411; x_wconf 73' lang='lat' dir='ltr'><strong>corporis</strong></span> <span class='ocrx_word' id='word_1_178' title='bbox 1927 3342 2161 3398; x_wconf 79' lang='lat' dir='ltr'><strong>mortui</strong></span> <span class='ocrx_word' id='word_1_179' title='bbox 2228 3341 2637 3411; x_wconf 79' lang='lat' dir='ltr'><strong>corrupcione</strong></span> <span class='ocrx_word' id='word_1_180' title='bbox 2703 3340 3041 3397; x_wconf 78' lang='lat' dir='ltr'><strong>secundum</strong></span> 
     </span>
     <span class='ocr_line' id='line_1_29' title="bbox 841 3428 1184 3483; baseline 0.006 -2"><span class='ocrx_word' id='word_1_181' title='bbox 841 3428 1184 3483; x_wconf 80' lang='lat' dir='ltr'><strong>Accidiam.</strong></span> 
     </span>
    </p>
   </div>
   <div class='ocr_carea' id='block_1_5' title="bbox 625 3549 3046 4315">
    <p class='ocr_par' dir='ltr' id='par_1_7' title="bbox 625 3549 3046 4315">
     <span class='ocr_line' id='line_1_30' title="bbox 625 3549 2467 3632; baseline -0.001 -19"><span class='ocrx_word' id='word_1_182' title='bbox 625 3558 823 3632; x_wconf 80' lang='lat' dir='ltr'><strong>Capm.</strong></span> <span class='ocrx_word' id='word_1_183' title='bbox 853 3551 970 3612; x_wconf 85' lang='lat' dir='ltr'><strong>xiii.</strong></span> <span class='ocrx_word' id='word_1_184' title='bbox 1100 3550 1374 3627; x_wconf 88' lang='lat' dir='ltr'><strong>Amplius</strong></span> <span class='ocrx_word' id='word_1_185' title='bbox 1415 3550 1644 3611; x_wconf 89' lang='lat' dir='ltr'><strong>accidia</strong></span> <span class='ocrx_word' id='word_1_186' title='bbox 1683 3550 1798 3610; x_wconf 91' lang='lat' dir='ltr'><strong>sibi</strong></span> <span class='ocrx_word' id='word_1_187' title='bbox 1841 3551 1943 3628; x_wconf 93' lang='lat' dir='ltr'><strong>qui</strong></span> <span class='ocrx_word' id='word_1_188' title='bbox 1983 3551 2093 3611; x_wconf 88' lang='lat' dir='ltr'><strong>suit</strong></span> <span class='ocrx_word' id='word_1_189' title='bbox 2132 3549 2467 3611; x_wconf 88' lang='lat' dir='ltr'><strong>accidiosus</strong></span> 
     </span>
     <span class='ocr_line' id='line_1_31' title="bbox 1007 3647 2525 3727; baseline -0.001 -17"><span class='ocrx_word' id='word_1_190' title='bbox 1007 3649 1288 3725; x_wconf 89' lang='lat' dir='ltr'><strong>Corporis</strong></span> <span class='ocrx_word' id='word_1_191' title='bbox 1328 3648 1408 3708; x_wconf 91' lang='lat' dir='ltr'><strong>ad</strong></span> <span class='ocrx_word' id='word_1_192' title='bbox 1450 3648 1735 3724; x_wconf 88' lang='lat' dir='ltr'><strong>placitum</strong></span> <span class='ocrx_word' id='word_1_193' title='bbox 1778 3647 2046 3708; x_wconf 85' lang='lat' dir='ltr'><strong>membra</strong></span> <span class='ocrx_word' id='word_1_194' title='bbox 2088 3650 2289 3709; x_wconf 89' lang='lat' dir='ltr'><strong>fouere</strong></span> <span class='ocrx_word' id='word_1_195' title='bbox 2330 3659 2525 3727; x_wconf 89' lang='lat' dir='ltr'><strong>negat.</strong></span> 
     </span>
     <span class='ocr_line' id='line_1_32' title="bbox 1004 3746 2780 3825; baseline 0.001 -18"><span class='ocrx_word' id='word_1_196' title='bbox 1004 3746 1260 3807; x_wconf 91' lang='lat' dir='ltr'><strong>Deditus</strong></span> <span class='ocrx_word' id='word_1_197' title='bbox 1303 3746 1401 3805; x_wconf 93' lang='lat' dir='ltr'><strong>hic</strong></span> <span class='ocrx_word' id='word_1_198' title='bbox 1441 3764 1698 3822; x_wconf 86' lang='lat' dir='ltr'><strong>sompno</strong></span> <span class='ocrx_word' id='word_1_199' title='bbox 1740 3764 1931 3822; x_wconf 86' lang='lat' dir='ltr'><strong>nuper</strong></span> <span class='ocrx_word' id='word_1_200' title='bbox 1971 3765 2133 3805; x_wconf 89' lang='lat' dir='ltr'><strong>nunc</strong></span> <span class='ocrx_word' id='word_1_201' title='bbox 2175 3748 2439 3825; x_wconf 89' lang='lat' dir='ltr'><strong>sompnit</strong></span> <span class='ocrx_word' id='word_1_202' title='bbox 2480 3746 2780 3821; x_wconf 86' lang='lat' dir='ltr'><strong>habunde,</strong></span> 
     </span>
     <span class='ocr_line' id='line_1_33' title="bbox 1002 3844 3046 3923; baseline -0.001 -20"><span class='ocrx_word' id='word_1_203' title='bbox 1002 3846 1098 3905; x_wconf 87' lang='lat' dir='ltr'><strong>De</strong></span> <span class='ocrx_word' id='word_1_204' title='bbox 1139 3844 1320 3920; x_wconf 87' lang='lat' dir='ltr'><strong>longo</strong></span> <span class='ocrx_word' id='word_1_205' title='bbox 1361 3862 1617 3920; x_wconf 90' lang='lat' dir='ltr'><strong>sompno</strong></span> <span class='ocrx_word' id='word_1_206' title='bbox 1657 3862 1782 3921; x_wconf 93' lang='lat' dir='ltr'><strong>quo</strong></span> <span class='ocrx_word' id='word_1_207' title='bbox 1824 3844 2061 3921; x_wconf 88' lang='lat' dir='ltr'><strong>vigilare</strong></span> <span class='ocrx_word' id='word_1_208' title='bbox 2102 3846 2346 3923; x_wconf 74' lang='lat' dir='ltr'><strong>nequitz</strong></span> <span class='ocrx_word' id='word_1_209' title='bbox 2944 3852 3046 3901; x_wconf 83' lang='lat'><strong>820</strong></span> 
     </span>
     <span class='ocr_line' id='line_1_34' title="bbox 1001 3934 2473 4019; baseline 0.003 -18"><span class='ocrx_word' id='word_1_210' title='bbox 1001 3942 1213 4002; x_wconf 90' lang='lat' dir='ltr'><strong>Mollia</strong></span> <span class='ocrx_word' id='word_1_211' title='bbox 1255 3942 1358 4019; x_wconf 92' lang='lat' dir='ltr'><strong>qui</strong></span> <span class='ocrx_word' id='word_1_212' title='bbox 1401 3942 1633 4003; x_wconf 90' lang='lat' dir='ltr'><strong>dudum</strong></span> <span class='ocrx_word' id='word_1_213' title='bbox 1674 3934 1934 4019; x_wconf 87' lang='lat' dir='ltr'><strong>quesiuit</strong></span> <span class='ocrx_word' id='word_1_214' title='bbox 1976 3944 2258 4004; x_wconf 87' lang='lat' dir='ltr'><strong>stramina</strong></span> <span class='ocrx_word' id='word_1_215' title='bbox 2298 3943 2473 4016; x_wconf 79' lang='lat' dir='ltr'><strong>lecte,</strong></span> 
     </span>
     <span class='ocr_line' id='line_1_35' title="bbox 1000 4038 2318 4117; baseline 0.003 -19"><span class='ocrx_word' id='word_1_216' title='bbox 1000 4038 1315 4116; x_wconf 88' lang='lat' dir='ltr'><strong>Anguibus</strong></span> <span class='ocrx_word' id='word_1_217' title='bbox 1355 4058 1592 4116; x_wconf 89' lang='lat' dir='ltr'><strong>aspersa</strong></span> <span class='ocrx_word' id='word_1_218' title='bbox 1633 4039 1844 4117; x_wconf 83' lang='lat' dir='ltr'><strong>frigida</strong></span> <span class='ocrx_word' id='word_1_219' title='bbox 1884 4050 2038 4100; x_wconf 86' lang='lat' dir='ltr'><strong>terra</strong></span> <span class='ocrx_word' id='word_1_220' title='bbox 2078 4040 2318 4103; x_wconf 87' lang='lat' dir='ltr'><strong>subest:</strong></span> 
     </span>
     <span class='ocr_line' id='line_1_36' title="bbox 1001 4134 2361 4217; baseline -0.001 -18"><span class='ocrx_word' id='word_1_221' title='bbox 1001 4134 1151 4199; x_wconf 89' lang='lat' dir='ltr'><strong>Ocia</strong></span> <span class='ocrx_word' id='word_1_222' title='bbox 1192 4138 1296 4213; x_wconf 92' lang='lat' dir='ltr'><strong>qui</strong></span> <span class='ocrx_word' id='word_1_223' title='bbox 1337 4138 1520 4214; x_wconf 87' lang='lat' dir='ltr'><strong>peciit</strong></span> <span class='ocrx_word' id='word_1_224' title='bbox 1558 4156 1749 4215; x_wconf 89' lang='lat' dir='ltr'><strong>nuper</strong></span> <span class='ocrx_word' id='word_1_225' title='bbox 1789 4136 2075 4217; x_wconf 78' lang='lat' dir='ltr'><strong>fugiendo</strong></span> <span class='ocrx_word' id='word_1_226' title='bbox 2110 4138 2361 4211; x_wconf 78' lang='lat' dir='ltr'><strong>laboreS,</strong></span> 
     </span>
     <span class='ocr_line' id='line_1_37' title="bbox 1001 4234 2669 4315; baseline 0.001 -22"><span class='ocrx_word' id='word_1_227' title='bbox 1001 4235 1181 4293; x_wconf 91' lang='lat' dir='ltr'><strong>Nunc</strong></span> <span class='ocrx_word' id='word_1_228' title='bbox 1223 4234 1407 4294; x_wconf 88' lang='lat' dir='ltr'><strong>nichil</strong></span> <span class='ocrx_word' id='word_1_229' title='bbox 1447 4246 1536 4295; x_wconf 59' lang='lat' dir='ltr'><strong>est</strong></span> <span class='ocrx_word' id='word_1_230' title='bbox 1577 4237 1744 4313; x_wconf 87' lang='lat' dir='ltr'><strong>quod</strong></span> <span class='ocrx_word' id='word_1_231' title='bbox 1782 4247 1933 4313; x_wconf 87' lang='lat' dir='ltr'><strong>agat,</strong></span> <span class='ocrx_word' id='word_1_232' title='bbox 1976 4236 2137 4297; x_wconf 87' lang='lat' dir='ltr'><strong>vnde</strong></span> <span class='ocrx_word' id='word_1_233' title='bbox 2176 4245 2435 4296; x_wconf 86' lang='lat' dir='ltr'><strong>meretur</strong></span> <span class='ocrx_word' id='word_1_234' title='bbox 2473 4254 2669 4315; x_wconf 86' lang='lat' dir='ltr'><strong>opem.</strong></span> 
     </span>
    </p>
   </div>
   <div class='ocr_carea' id='block_1_6' title="bbox 1349 4381 2523 4526">
    <p class='ocr_par' dir='ltr' id='par_1_8' title="bbox 1349 4381 2523 4526">
     <span class='ocr_line' id='line_1_38' title="bbox 1361 4381 2274 4433; baseline 0.005 -6"><span class='ocrx_word' id='word_1_235' title='bbox 1361 4381 1461 4428; x_wconf 86' lang='lat'><strong>816</strong></span> <span class='ocrx_word' id='word_1_236' title='bbox 1491 4381 1632 4431; x_wconf 86' lang='lat' dir='ltr'><strong>iuuat</strong></span> <span class='ocrx_word' id='word_1_237' title='bbox 1655 4382 1694 4432; x_wconf 89' lang='lat' dir='ltr'>S</span> <span class='ocrx_word' id='word_1_238' title='bbox 1762 4383 1941 4433; x_wconf 73' lang='lat' dir='ltr'><strong>iuuant</strong></span> <span class='ocrx_word' id='word_1_239' title='bbox 1962 4382 2274 4433; x_wconf 67' lang='lat' dir='ltr'><strong>EGDLTH.</strong></span> 
     </span>
     <span class='ocr_line' id='line_1_39' title="bbox 1349 4458 2523 4526; baseline 0.003 -19"><span class='ocrx_word' id='word_1_240' title='bbox 1349 4459 1477 4521; x_wconf 86' lang='lat' dir='ltr'><strong>Cap.</strong></span> <span class='ocrx_word' id='word_1_241' title='bbox 1501 4460 1608 4511; x_wconf 77' lang='lat' dir='ltr'><strong>xiii.</strong></span> <span class='ocrx_word' id='word_1_242' title='bbox 1645 4458 1887 4526; x_wconf 60' lang='lat' dir='ltr'><strong>Headthg</strong></span> <span class='ocrx_word' id='word_1_243' title='bbox 1908 4476 1931 4509; x_wconf 88' lang='lat'>1</span> <span class='ocrx_word' id='word_1_244' title='bbox 1959 4461 2145 4511; x_wconf 84' lang='lat' dir='ltr'><strong>mortui</strong></span> <span class='ocrx_word' id='word_1_245' title='bbox 2166 4460 2401 4523; x_wconf 80' lang='lat' dir='ltr'><strong>corporis</strong></span> <span class='ocrx_word' id='word_1_246' title='bbox 2422 4458 2523 4513; x_wconf 81' lang='lat' dir='ltr'><strong>CH</strong></span> 
     </span>
    </p>
   </div>
   <div class='ocr_carea' id='block_1_7' title="bbox 3409 92 3412 663">
    <p class='ocr_par' dir='ltr' id='par_1_9' title="bbox 3409 92 3412 663">
     <span class='ocr_line' id='line_1_40' title="bbox 3409 92 3412 663; baseline 0 0"><span class='ocrx_word' id='word_1_247' title='bbox 3409 92 3412 663; x_wconf 95' lang='lat' dir='ltr'><strong> </strong></span> 
     </span>
    </p>
   </div>
  </div>
 </body>
</html>
