3434 5142
879 424 1002 517 ‘300
1583 432 1784 497 vox
1843 430 2384 498 CLAMANTIS

1043 596 1474 658 Consummata
1513 604 1763 654 manent
1803 593 1885 654 ibi
1928 594 2161 671 gaudia,
2204 594 2406 671 passio
2446 593 2611 653 nulla

1045 694 1154 754 Est
1195 702 1258 753 et
1297 690 1399 768 ibi,
1442 702 1533 752 set
1573 690 1757 753 habet
1798 711 1981 752 omne
2022 691 2187 769 quod
2228 699 2397 767 optat
2437 691 2659 751 homo:
2952 710 3097 747 1000

1044 793 1185 851 Vita
1224 790 1544 868 perhennis
1587 791 1672 850 ibi
1712 791 1887 868 viget,
1930 798 1993 851 et
2034 799 2197 866 patet
2236 790 2337 848 illa
2376 788 2573 861 beata,

1047 888 1186 965 Que
1226 907 1404 966 super
1443 906 1626 949 ornne
1665 889 1841 962 valet,
1886 888 2035 948 visio
2076 889 2233 947 clara
2271 887 2386 947 dei.

1124 987 1232 1046 Vis
1274 986 1383 1046 tibi
1425 986 1762 1047 describam
1802 986 2009 1064 paucis
2049 986 2197 1063 quid
2238 984 2312 1044 sit
2353 986 2522 1044 locus
2563 984 2705 1044 ille?

1043 1083 1186 1145 Plus
1226 1093 1318 1143 est
1358 1102 1540 1161 quam
1584 1084 1782 1161 quiuis
1822 1085 2023 1144 dicere
2063 1081 2252 1159 possit
2292 1082 2514 1142 homo:

1044 1183 1186 1243 Plus
1228 1192 1319 1242 est
1359 1199 1542 1259 quam
1581 1182 1773 1258 possit
1810 1181 2027 1241 mentis
2068 1180 2309 1239 racione
2348 1178 2569 1253 doceri,

1044 1280 1160 1341 Vel
1201 1280 1334 1356 plus
1374 1297 1556 1356 quam
1599 1280 1797 1339 cordis
1838 1278 1988 1339 cella
2028 1288 2232 1338 tenere
2271 1288 2468 1354 queat.

1047 1379 1248 1453 Quam
1289 1378 1426 1437 felix
1467 1378 1634 1437 locus
1676 1388 1783 1451 est,
1827 1396 2010 1455 quam
2050 1377 2233 1454 digna
2272 1376 2451 1436 laude
2490 1373 2797 1448 colenduS,

1049 1478 1123 1537 In
1166 1495 1289 1554 quo
1329 1477 1696 1536 conveniunt
1736 1476 1954 1553 gaudia
1992 1484 2211 1535 cuncta
2250 1474 2463 1534 simul!

1049 1575 1162 1648 Sic,
1207 1574 1348 1652 quia
1388 1592 1513 1634 non
1555 1574 1687 1633 finit
1728 1573 1811 1634 ibi
1852 1573 2053 1651 gloria,
2098 1592 2221 1632 non
2264 1590 2377 1649 ego
2418 1590 2664 1649 possum

1050 1672 1262 1733 Finem
1303 1671 1605 1748 condigne
1644 1690 1871 1748 ponere
1911 1670 2104 1731 laudis
2146 1670 2218 1731 ei.
2960 1690 3100 1726 1010

1052 1769 1178 1829 Hic
1219 1770 1330 1829 erit
1367 1768 1621 1845 angelici
1662 1778 1847 1841 cetuS,
1891 1786 2072 1845 quam
2115 1766 2375 1845 perdidit
2415 1767 2579 1841 olim,

1051 1866 1340 1945 Suppleto
1381 1884 1631 1927 numero
1671 1868 1857 1944 gloria
1897 1867 2075 1943 plena
2115 1884 2264 1926 suo:

1050 1966 1176 2025 Hic
1218 1966 1326 2026 erit
1367 1965 1634 2024 humano
1673 1964 1877 2041 generi
1916 1965 2045 2024 laus
2086 1980 2335 2036 summa,
2380 1971 2687 2039 resumpto

1051 2062 1320 2139 Corpore
1360 2080 1498 2121 cum
1538 2062 1716 2122 fuerit
1756 2061 2079 2139 glorificata
2120 2078 2293 2120 caro:

1053 2162 1180 2220 Hic
1221 2160 1331 2221 erit
1372 2160 1435 2219 in
1475 2160 1727 2221 domino
1767 2160 1998 2219 cunctis
2038 2160 2297 2237 gaudere
2338 2176 2445 2235 per
2483 2176 2681 2230 euum,

1052 2259 1278 2319 Omnia
1317 2278 1456 2319 curn
1502 2260 1676 2318 fuerit
1717 2258 1999 2318 omnibus
2041 2258 2170 2334 ipse
2211 2258 2396 2319 deus:

1053 2356 1134 2415 Et
1175 2356 1262 2416 sic
1301 2375 1463 2417 mors
1505 2357 1644 2415 iusti
1683 2357 1838 2416 tollit
1878 2355 1992 2416 sibi
2034 2366 2253 2415 cuncta
2292 2355 2511 2415 nociua

1054 2453 1354 2531 Corporis,
1398 2472 1470 2513 ac
1510 2454 1710 2513 anime
1752 2454 1939 2513 celica
1979 2472 2160 2531 regna
2200 2462 2382 2530 parat.

1055 2550 1216 2612 Cum
1257 2552 1508 2611 moritur
1549 2552 1757 2625 iustuS,
1802 2563 1947 2611 tunc
1988 2552 2196 2612 vinens
2238 2552 2446 2628 incipit
2486 2568 2655 2625 esse;

1055 2650 1197 2708 Hec
1236 2665 1398 2708 mors
1438 2649 1646 2721 vitaliS,
1693 2667 1814 2725 que
1856 2650 2169 2709 moriendo
2212 2650 2377 2708 iuuat
2395 2668 2413 2724 3
2966 2670 3099 2707 1020

1056 2746 1197 2806 Hec
1237 2764 1396 2805 mors
1439 2764 1562 2805 non
1605 2747 1772 2806 oneri
1814 2758 1903 2806 set
1944 2747 2077 2823 plus
2118 2747 2403 2807 conducit
2444 2744 2675 2819 honori,

1056 2843 1332 2904 Possidet
1372 2844 1434 2903 in
1476 2844 1743 2921 requiem
1784 2854 2054 2905 mortuus
2095 2844 2256 2905 vnde
2294 2845 2495 2905 deum.

965 3028 1085 3085 Hic
1107 3030 1387 3099 loquitur
1415 3031 1495 3085 de
1530 3030 1761 3099 duplici
1791 3033 1994 3086 morte
2029 3030 2403 3099 peccatoris,
2426 3044 2561 3083 vna
2594 3044 2676 3084 ex
2708 3043 2835 3097 qua
2866 3042 3097 3097 corpus

895 3119 997 3173 hic
1043 3118 1402 3181 resoluitur,
1445 3118 1576 3173 alia
1611 3134 1693 3173 ex
1735 3134 1861 3187 qua
1902 3120 2095 3188 digno
2136 3119 2239 3174 dei
2276 3119 2503 3173 iudicio
2541 3120 2725 3189 penis
2772 3118 3095 3187 perpetuis

899 3206 1111 3260 anima
1135 3206 1464 3262 cruciatur.

682 3329 879 3405 Capm.
907 3327 1017 3386 xix.
1147 3328 1328 3387 Heu!
1385 3327 1562 3387 nimis
1605 3327 1809 3387 infelix
1848 3329 1951 3405 qui
1993 3346 2059 3389 se
2098 3328 2307 3387 viuens
2348 3328 2505 3387 male
2544 3327 2740 3405 gessit,

1059 3425 1202 3501 Quo
1241 3426 1437 3502 grauis
1480 3426 1542 3484 in
1583 3436 1775 3486 morte
1815 3444 1971 3502 pena
2009 3424 2243 3486 vorabit
2282 3440 2459 3485 eum:

1062 3523 1231 3582 Mors
1271 3524 1496 3583 etenim
1537 3524 1759 3601 duplex
1800 3523 2029 3585 homini
2070 3522 2325 3584 debetur
2363 3524 2611 3601 iniquo;

1062 3619 1173 3679 Est
1213 3639 1373 3681 mors
1415 3622 1606 3698 prima
1642 3622 1855 3699 grauis,
1900 3622 2082 3681 altera
2121 3621 2261 3681 feda
2300 3622 2505 3697 magis

1062 3717 1262 3777 Prima
1303 3736 1524 3779 necans
1565 3736 1781 3795 corpus
1823 3719 1903 3779 de
1944 3719 2175 3779 mundo
2216 3728 2481 3795 segregat
2522 3717 2686 3791 illud,

1065 3816 1126 3876 N
1129 3834 1200 3877 ec
1239 3818 1394 3877 valet
1431 3817 1672 3877 vlterius
1711 3818 1861 3894 quid
1902 3816 2016 3877 sibi
2056 3818 2207 3877 ferre
2247 3818 2425 3892 mali;

1062 3914 1268 3975 Altera
1307 3925 1397 3974 set
1435 3916 1668 3992 grauior
1707 3916 1970 3975 animam
2010 3914 2255 3976 deducit
2294 3914 2374 3975 ad
2414 3933 2567 3991 yma,

1065 4012 1293 4073 Reddit
1333 4022 1396 4072 et
1435 4013 1592 4073 hanc
1633 4014 1911 4086 Sathane,
1954 4032 2075 4090 que
2115 4013 2269 4073 solet
2308 4032 2440 4073 esse
2480 4012 2615 4073 dei:
2974 4034 3102 4081 1030

1065 4110 1244 4170 Ponit
1285 4110 1347 4169 in
1388 4111 1736 4189 ambiguum
1778 4130 1899 4189 que
1939 4112 2014 4171 sit
2056 4111 2361 4171 mundana
2400 4111 2693 4188 voluptas,

1067 4208 1148 4268 Et
1187 4208 1314 4267 fore
1355 4209 1459 4269 dat
1499 4220 1730 4269 certum
1770 4228 1929 4286 pena
1969 4210 2136 4286 quod
2176 4210 2375 4269 omnis
2413 4210 2601 4283 adest,

1067 4307 1232 4365 Pena
1271 4306 1517 4381 quidem
1559 4305 1793 4381 baratri,
1836 4307 2011 4367 dolor
2052 4308 2247 4367 omnis
2290 4326 2412 4385 quo
2451 4305 2765 4385 vegetabit,

1098 4427 1225 4491 Cap.
1246 4426 1350 4477 xix.
1373 4426 1616 4494 Heade’ng
1636 4442 1660 4476 1
1686 4428 1879 4492 duplici
1903 4428 2088 4480 CEGL
2152 4430 2382 4494 dupplici
2407 4429 2551 4481 SHT
2614 4427 2818 4491 duplice
2842 4427 2891 4477 D
