3434 5142
845 464 970 525 272
1544 442 1743 508 VOX
1797 438 2338 507 CLAMANTIS

921 1048 1266 1119 Postquam
1291 1048 1367 1104 de
1390 1048 1659 1117 ningun-
1681 1046 2003 1117 gradibus,
2030 1060 2139 1116 per
2162 1060 2321 1115 quos
2349 1048 2485 1101 tam
2516 1044 2586 1099 in
2618 1045 3065 1115 spiritualibus

851 1151 1040 1205 quam
1075 1138 1144 1192 in
1178 1138 1632 1205 temporalibus
1663 1150 1842 1191 error
1871 1135 2103 1204 vbique
2128 1134 2509 1199 diffunditur,
2532 1134 2880 1189 tractatum
2903 1134 3065 1189 hac-

851 1227 1040 1283 tenus
1087 1225 1324 1291 existit,
1361 1225 1491 1279 iam
1539 1223 1881 1280 secundum
1928 1223 2317 1292 quorundam
2352 1221 2724 1290 ‚opinionem
2770 1224 3066 1277 trutare

850 1312 1128 1369 Intendit
1173 1312 1250 1367 de
1297 1312 1560 1381 pedibu·
1606 1314 1842 1377 statue,
1878 1325 2068 1380 quam
2103 1310 2649 1378 Nnbugodonosor
2682 1310 2939 1364 viderat
2982 1310 3066 1363 in

852 1401 1155 1469 sompnis,
1179 1414 1442 1469 quorum
1465 1400 1763 1454 videlieet
1785 1398 2011 1468 pedum
2045 1398 2315 1467 quedam
2346 1410 2502 1466 pars
2528 1397 2755 1462 ferrea,
2788 1397 3063 1465 quedam

851 1488 1084 1555 fictilis,
1110 1486 1180 1541 in
1202 1488 1410 1555 figura
1433 1487 1953 1543 deterior-adonin
1976 1486 2164 1541 huius
2186 1484 2401 1539 mundi
2425 1484 2746 1550 extiterat,
2770 1485 2841 1539 in
2864 1498 3063 1553 quam

853 1591 976 1631 nos
1023 1576 1105 1630 ad
1143 1590 1408 1643 presens
1442 1578 1710 1643 tempus,
1748 1574 1911 1641 quod
1950 1576 2049 1631 est
2085 1572 2544 1643 quodammodo
2578 1572 2647 1627 in
2680 1571 2808 1627 fine
2843 1572 3064 1637 secun,

855 1662 1216 1719 enidenciu·
1271 1662 1656 1721 devenimus.
1752 1661 1838 1719 Et
1889 1661 2092 1730 primo
2148 1660 2300 1719 ferri
2360 1659 2903 1729 significaeionem
2956 1658 3064 1715 de-

853 1751 1143 1807 clarabit.

1517 1906 1764 1980 Incipit
1801 1906 1978 1967 liber
2016 1902 2391 1979 Septimus.

711 2073 909 2149 Cap'n.
943 2074 978 2133 i.
1206 2072 1332 2133 uod
1371 2072 1525 2133 solet
1563 2070 1825 2149 antiquis
1864 2088 2055 2147 nuper
2094 2069 2322 2129 latitare
2362 2068 2583 2146 figuriS,

1033 2068 1195 2275 Q
1248 2173 1576 2232 Possumus
1615 2189 1688 2231 ex
1730 2170 1947 2229 nostris
1986 2168 2287 2229 verificare
2327 2167 2535 2227 malis:

1015 2270 1201 2347 Quod
1239 2280 1468 2331 veteres
1509 2269 1675 2330 fusca
1715 2268 1955 2345 sompni
1995 2267 2248 2329 timuere
2288 2266 2400 2326 sub
2443 2265 2665 2339 vmbra,

1017 2370 1150 2442 Iam
1191 2377 1480 2427 monstrat
1519 2386 1693 2427 casus
1734 2366 1982 2443 peruigil
2020 2382 2164 2425 ecce
2206 2380 2419 2424 nouus,

1016 2467 1200 2527 Nunc
1239 2476 1419 2543 mput
1458 2484 1496 2526 a
1535 2476 1730 2525 statua
1772 2462 2074 2540 Nabugod
2114 2462 2511 2540 prescinditur
2550 2462 2696 2534 auri,

1019 2562 1244 2623 Fictilis
1285 2571 1346 2623 et
1385 2561 1519 2622 ferri
1561 2571 1720 2621 stant
1760 2561 1885 2621 duo
1924 2560 2165 2637 iamque
2204 2558 2431 2635 pedes:

1020 2659 1258 2720 Nobilis
1297 2678 1336 2718 a
1376 2659 1608 2719 mundo
1648 2676 1811 2718 nunc
1850 2657 2070 2718 desinit
2109 2674 2289 2716 aurem
2327 2656 2542 2733 proleS,

1020 2756 1341 2833 Pauperies
1381 2756 1516 2817 ferri
1557 2754 1819 2814 nascitur
1858 2764 2040 2831 atque
2081 2752 2211 2813 sibi.

1020 2855 1163 2915 Non
1206 2853 1392 2915 modo
1431 2852 1797 2930 magnanimi
1837 2852 1997 2912 volat
2036 2852 2239 2910 inclita
2278 2850 2437 2909 fama
2478 2866 2584 2925 per
2622 2849 2850 2923 orbem,

1019 2952 1211 3013 Cuius
1252 2951 1445 3011 honor
1485 2950 1716 3010 mundo
1755 2948 2028 3027 congruit
2067 2958 2249 3025 atque
2288 2948 2445 3007 deo:
3002 2968 3070 3006 ro

1020 3051 1164 3111 Non
1205 3049 1392 3110 modo
1433 3046 1794 3126 pauperibus
1835 3047 2054 3123 spergit
2094 3065 2201 3106 sua
2241 3062 2490 3105 munera
2530 3044 2743 3122 larguS,

1020 3148 1154 3209 Nec
1191 3149 1358 3208 fouet
1399 3148 1462 3206 in
1503 3164 1711 3207 mensa
1751 3146 1849 3205 vix
1888 3144 2077 3205 modo
2115 3143 2287 3205 diues
2328 3160 2469 3203 eos:

1020 3246 1138 3305 Vix
1175 3246 1398 3323 pietate
1438 3243 1624 3304 modo
1666 3243 1865 3304 nudos
1907 3242 2041 3318 quis
2084 3242 2257 3301 vestit
2297 3258 2537 3319 egenos

1024 3340 1158 3400 Nec
1197 3339 1356 3415 capit
1396 3337 1669 3414 hospicio
1709 3354 1864 3414 quos
1906 3335 2017 3396 scit
2057 3352 2231 3412 egere
2271 3352 2472 3411 vagos,

1023 3436 1168 3497 Non
1208 3444 1412 3495 manet
1453 3434 1711 3495 obtrusis
1755 3434 1857 3510 qui
1899 3450 2135 3491 carcere
2174 3432 2302 3490 vult
2342 3430 2623 3503 misereri,

1021 3534 1182 3594 Sana
1223 3551 1338 3593 nec
1379 3532 1647 3592 infirmos
1689 3549 1810 3607 que
1850 3532 2017 3591 iuuat
2056 3530 2174 3589 vlla
2214 3547 2467 3589 manus:

1022 3632 1190 3691 Inter
1223 3630 1531 3690 discordes
1571 3629 1845 3705 antiqum
1886 3628 2059 3689 fedus
2099 3628 2322 3688 amoris

1022 3728 1166 3789 Non
1207 3738 1298 3788 est
1337 3728 1416 3787 ad
1458 3744 1701 3803 presens
1744 3728 1847 3804 qui
1887 3744 2159 3803 reparare
2198 3726 2384 3785 venit.

1101 3827 1160 3887 N
1163 3844 1283 3886 unc
1323 3836 1526 3885 tamen
1567 3842 1698 3885 esse
1740 3825 1889 3884 duas
1931 3823 2245 3900 specialius
2285 3823 2501 3883 estimo
2544 3839 2779 3893 causam

1022 3923 1117 3983 Ex
1157 3922 1376 4000 quibus
1417 3923 1517 3982 hic
1557 3923 1820 3983 mundus
1860 3922 2083 3983 desinit
2122 3939 2256 3981 esse
2296 3920 2513 3981 bonus.
3006 3944 3073 3979 20

1028 4022 1266 4081 Harum
1307 4022 1536 4081 luxuria
1577 4021 1864 4098 reperitur
1902 4022 1966 4080 in
2005 4020 2217 4081 ordine
2257 4020 2463 4096 prima,

1023 4120 1117 4178 Ex
1159 4137 1279 4196 qua
1318 4130 1523 4195 torpor
1563 4118 1753 4180 hebes
1796 4118 2058 4179 nascitur
2096 4128 2277 4194 atque
2318 4116 2505 4193 quies,

1025 4216 1125 4277 Sic
1165 4227 1437 4276 causatur
1477 4235 1548 4277 ea
1589 4217 1761 4277 miles
1803 4216 1989 4277 modo
2030 4216 2239 4275 tardus
2280 4215 2358 4274 ad
2398 4232 2581 4286 arma,

1023 4314 1234 4390 Quem
1275 4313 1488 4375 mulier
1527 4313 1807 4374 thalamis
1848 4314 2072 4375 mulcet
2110 4330 2316 4373 amore
2356 4313 2519 4386 suis3

1442 4446 1478 4497 9
1510 4431 1817 4493 magnanimi
1840 4430 2086 4483 CEHDL
2150 4436 2442 4493 magnatum
2464 4428 2503 4480 S
