3434 5142
1203 495 1486 559 LIBER
1549 496 1963 562 TERcms
2567 516 2684 580 153

641 654 1006 715 Presbiteros
1047 665 1215 715 notat
1254 653 1367 715 iste
1407 673 1556 729 reoS,
1602 654 1704 733 qui
1748 675 1995 735 corpore
2034 655 2157 718 sedi

643 755 782 830 Que
823 764 963 813 sunt
1002 752 1230 813 luxurie
1270 755 1408 814 feda
1449 756 1698 814 latenter
1738 765 1924 832 agunt
1940 775 1960 829 3

643 852 782 911 Hos
822 850 959 911 laici
999 849 1168 929 quasi
1209 850 1358 911 lucis
1398 870 1542 911 aues
1583 850 1931 929 restringere
1972 862 2245 930 querunt,

642 950 786 1008 Zelo
827 948 1098 1009 succensi
1138 948 1300 1027 legiS,
1344 968 1548 1009 amore
1588 948 1703 1009 dei.
2560 970 2691 1025 1700

643 1045 1052 1106 Preuaricatus
1094 1046 1256 1106 enirn
1299 1048 1482 1107 Iudas
1523 1066 1648 1106 non
1687 1045 1945 1125 amplius
1982 1046 2128 1109 inde

646 1145 967 1204 Seruorum
1008 1142 1188 1206 Cristi
1227 1143 1443 1222 dignus
1483 1146 1712 1204 honore
1752 1143 1880 1205 fuit.

651 1242 816 1301 Dum
858 1241 994 1319 iuga
1033 1241 1260 1304 luxurie
1301 1252 1610 1320 supportat
1649 1241 1955 1321 presbiter,
1998 1241 2195 1322 ipsum

649 1338 713 1399 Si
751 1351 1020 1418 pungant
1059 1339 1212 1413 laici,
1256 1351 1564 1419 computet
1604 1339 1775 1401 inde
1817 1339 1972 1401 sibi.

733 1438 903 1497 Iusto
943 1436 1168 1497 iudicio
1207 1438 1304 1498 lex
1343 1439 1484 1509 vult,
1530 1438 1697 1515 quod
1736 1436 1879 1498 iuris
1920 1436 2141 1497 abusor

651 1534 906 1595 Amittat
946 1534 1101 1595 vicio
1143 1536 1310 1613 quod
1352 1533 1467 1595 sibi
1507 1534 1635 1595 iura
1675 1535 1917 1597 dabant.

652 1631 922 1693 Ecclesie
961 1634 1166 1694 fratres
1208 1632 1271 1693 in
1314 1632 1512 1695 Cristo
1552 1652 1664 1693 nos
1706 1652 1913 1693 sumus
1955 1652 2213 1708 omness

655 1732 904 1808 Semper
943 1742 1003 1791 et
1043 1730 1284 1791 alterius
1324 1730 1550 1809 indiget
1590 1733 1739 1791 alter
1777 1749 1931 1810 ope:

655 1829 782 1888 Lex
821 1838 1023 1888 tamen
1064 1831 1182 1890 hoc
1224 1828 1387 1903 dicit,
1431 1832 1608 1889 frater
1647 1830 1813 1907 quod
1855 1828 1907 1889 si
1946 1838 2084 1889 tuus
2126 1839 2293 1902 erret,

655 1926 920 2004 Corripe,
963 1925 1049 1987 sic
1091 1938 1150 1987 et
1191 1946 1330 1988 eum
1371 1929 1470 1988 fac
1505 1927 1776 1988 reuenire
1814 1927 1969 1988 deo:
2569 1944 2699 2000 1710

655 2021 720 2083 Si
759 2033 818 2083 te
859 2042 984 2083 non
1023 2023 1208 2098 audit,
1254 2023 1355 2085 dic
1396 2024 1662 2099 ecclesie,
1707 2035 1798 2085 set
1838 2036 1898 2085 et
1939 2023 2101 2085 illam

655 2119 719 2182 Si
760 2140 884 2181 non
924 2121 1132 2183 audire
1172 2124 1315 2196 vult,
1360 2142 1472 2183 nec
1513 2124 1762 2183 adheret
1802 2121 1875 2196 ei,

655 2218 934 2297 Amplius
973 2218 1073 2279 ille
1114 2218 1223 2279 tibi
1263 2222 1426 2281 velut
1466 2219 1762 2280 Ethnicus
1803 2230 1894 2280 est
1934 2221 2317 2298 reputanduS‚

658 2318 801 2393 Quo
842 2315 956 2376 sibi
998 2318 1077 2378 de
1116 2319 1294 2395 culpa
1333 2337 1573 2396 parcere
1613 2319 1813 2384 nullus
1854 2318 2053 2379 habet.

655 2413 958 2474 Presbiter
997 2433 1136 2492 ergo
1179 2414 1300 2475 suis
1339 2414 1621 2475 assistens
1661 2413 1979 2476 cotidianis

658 2511 927 2573 Peccatis
969 2514 1136 2572 nullo
1177 2512 1359 2573 debet
1399 2514 1628 2574 honore
1669 2512 1818 2573 frui:

657 2610 718 2670 N
721 2629 804 2670 on
844 2609 954 2670 erit
995 2620 1321 2689 exemptus,
1365 2629 1508 2670 nam
1549 2610 1653 2688 qui
1693 2630 1892 2688 neque
1933 2608 2060 2671 iura
2100 2620 2349 2683 veretur,

658 2710 718 2769 N
722 2727 804 2768 on
847 2719 938 2769 est
980 2707 1210 2768 iusticie
1251 2710 1418 2786 quod
1459 2707 1593 2785 quis
1634 2710 1890 2769 honoret
1931 2728 2109 2770 eum:

659 2805 784 2882 Qui
824 2817 1033 2866 contra
1071 2808 1265 2883 legem
1305 2806 1500 2867 vetitis
1541 2806 1966 2885 presumpserit
2004 2805 2105 2881 vti,

660 2904 863 2965 Debet
902 2904 1202 2965 concessis
1241 2906 1372 2983 lege
1412 2924 1610 2965 carere
1651 2904 1844 2965 bonis.
2575 2923 2705 2979 1720

660 3002 864 3063 Omne
903 3003 1070 3079 quod
1111 3004 1415 3062 occultum
1455 3004 1614 3077 latet,
1658 3001 1931 3063 vlteriore
1972 3000 2200 3080 patebit

664 3099 831 3174 Fine,
875 3120 989 3160 nec
1030 3110 1272 3161 excusat
1313 3102 1464 3161 ordo
1504 3102 1598 3160 vel
1640 3098 1740 3160 ille
1781 3110 1985 3161 status·

664 3198 804 3275 Dic,
845 3197 960 3258 sibi
1000 3197 1148 3276 quid
1189 3197 1374 3259 valuit
1414 3209 1558 3258 tunc
1599 3196 1913 3258 excusacio
1954 3198 2109 3270 ficta,

666 3297 833 3357 Dum
875 3295 1030 3356 foliis
1072 3295 1172 3357 fici
1213 3314 1277 3355 se
1317 3296 1475 3355 male
1515 3293 1660 3355 texit
1699 3296 1945 3355 Adam?

667 3394 834 3472 Quid
875 3395 1032 3455 valet
1070 3402 1191 3467 aut,
1236 3394 1474 3471 culpam
1516 3390 1709 3452 carnis
1751 3391 1802 3451 si
1843 3390 2132 3470 presbiter
2171 3389 2382 3451 vmbra

667 3493 964 3570 Contegat
1005 3490 1134 3569 ipse
1175 3490 1267 3551 sui
1306 3492 1488 3550 fultus
1529 3490 1759 3549 honore
1800 3499 1986 3549 status
2007 3490 2035 3547 Ρ

575 3766 695 3823 Hic
738 3766 962 3822 scribit
997 3768 1226 3821 contra
1278 3765 1399 3822 hoc
1452 3765 1616 3835 quod
1671 3766 1868 3835 aliqui
1904 3763 2240 3835 presbiteri
2282 3762 2517 3829 dicunt,
2565 3777 2711 3831 qua·

503 3855 651 3911 liter
693 3855 817 3924 ipsi
863 3856 930 3909 in
967 3854 1186 3909 camis
1226 3854 1538 3909 luxuriam
1574 3854 2024 3910 committendo
2059 3867 2190 3907 non
2224 3852 2486 3920 mulus
2520 3850 2713 3906 homi·

505 3944 692 3999 nibus
725 3944 914 3999 laicis
935 3943 1120 3999 deum
1156 3942 1498 3999 offendunt.

235 4078 435 4154 Capm.
467 4074 621 4137 xxiii.
748 4074 975 4133 Dicunt
1014 4071 1338 4152 presbiteri,
1381 4091 1508 4132 non
1547 4082 1608 4132 te
1647 4082 1902 4149 peccant
1940 4070 2129 4150 magis
2167 4069 2297 4150 ipsi,

676 4173 843 4232 Dum
885 4170 1078 4232 carnis
1118 4169 1275 4230 vicio
1315 4171 1382 4230 fit
1425 4190 1533 4229 sua
1571 4168 1729 4231 victa
1768 4189 1943 4230 caro:

670 4269 839 4331 Sicut
880 4281 1019 4330 sunt
1057 4268 1160 4329 alii
1199 4267 1388 4347 fragili
1429 4270 1508 4329 de
1549 4288 1726 4329 carne
1768 4267 1965 4343 creati,

674 4366 838 4428 Dicit
878 4368 1045 4445 quod
1086 4365 1357 4427 membra
1397 4366 1482 4427 sic
1523 4366 1706 4427 habet
1746 4365 1875 4443 ipse
1916 4385 2039 4426 sua.
2583 4382 2713 4437 1730

677 4469 692 4498 ‘
709 4466 858 4526 Sum
898 4468 1061 4526 velut
1099 4466 1249 4527 alter
1287 4465 1510 4540 hom0,’
1551 4462 1697 4525 dicit
1742 4467 1757 4496 ‘
1775 4483 1880 4524 cur
1918 4473 2065 4524 tunc
2106 4462 2398 4538 muliereS‚
