3434 5142
1194 441 1478 505 LIBER
1537 441 1904 508 SEXTUS
2535 466 2660 526 239

615 601 950 678 Expectant
990 619 1110 678 que
1151 602 1270 662 leui
1312 600 1646 662 mobilitate
1686 602 1930 663 cadunt.

614 700 827 776 Sepius
868 700 986 760 alta
1026 700 1187 760 cadit
1226 711 1543 761 ventorum
1585 700 1824 761 flatibus
1867 701 2059 776 arbor,

614 797 826 857 Planta
866 798 1009 858 satis
1049 797 1289 874 placido
1331 809 1643 875 permanet
1682 809 1865 877 atque
1904 800 2127 875 gradu:
2563 823 2660 872 320

613 895 821 955 Aerias
860 896 1027 972 alpes
1067 895 1311 956 niuibus
1352 897 1713 957 candescere
1753 897 1994 969 scimuS‚

614 993 785 1068 Quas
826 991 1029 1053 subito
1071 1003 1351 1071 torquent
1390 993 1573 1072 frigus
1614 1003 1675 1055 et
1717 1013 1900 1055 omne
1941 995 2116 1071 gelu3

614 1091 725 1150 Est
765 1088 851 1151 ibi
892 1100 1208 1152 ventorum
1248 1091 1441 1152 rabies
1483 1093 1808 1165 senissima,
1856 1093 2125 1169 dumque

614 1188 995 1265 Temperiem
1036 1199 1261 1265 gratam
1292 1189 1571 1266 proxima
1610 1191 1778 1251 vallis
1820 1189 2017 1250 habet.

612 1285 713 1345 Sic
753 1283 925 1346 vobis
967 1304 1299 1363 numquam
1340 1288 1559 1349 desunt
1598 1289 1868 1362 aduersa,
1914 1295 2208 1364 potenteS,

616 1383 750 1443 Nec
789 1402 905 1460 pax
944 1394 1039 1444 est
1077 1383 1249 1445 vobis
1289 1394 1451 1444 certa
1491 1403 1607 1446 nec
1647 1386 1764 1444 vlla
1804 1385 1994 1462 quieS.

698 1481 815 1542 Dic
854 1483 1038 1541 michi
1080 1482 1367 1543 diuitibus
1409 1484 1459 1544 si
1500 1484 1748 1561 quando
1789 1484 1978 1543 defuit
2020 1483 2248 1544 hostis:

615 1579 781 1655 Quin
822 1580 1011 1656 magis
1051 1581 1163 1640 hos
1204 1591 1444 1658 quassat
1484 1599 1627 1657 sepe
1668 1582 1839 1641 ruina
1877 1580 2092 1658 grauiS.

617 1678 758 1737 Non
800 1677 903 1737 dat
943 1696 1183 1738 securos
1224 1697 1339 1739 nec
1380 1679 1528 1740 ebur
1570 1698 1683 1740 nec
1724 1697 1984 1756 purpura
2023 1696 2328 1754 sompnOS,

616 1777 939 1852 Paupertas
981 1777 1079 1836 vili
1122 1778 1407 1837 stramine
1448 1787 1576 1838 tuta
1616 1778 1813 1838 iacet:
2558 1799 2656 1848 330

615 1874 872 1934 Perdere
911 1891 1034 1950 quo
1075 1886 1343 1951 possunt,
1388 1885 1625 1952 torquet
1664 1875 1844 1934 timor
1885 1873 2082 1934 omnis
2121 1891 2354 1946 anates,

596 1972 908 2048 .Vanaque
948 1972 1215 2031 sollicitis
1257 1973 1471 2031 incutit
1512 1971 1720 2032 vmbra
1761 1982 1975 2032 metus.

615 2069 763 2128 Auri
805 2087 1111 2146 possessor
1152 2070 1431 2130 formidat
1472 2088 1722 2147 semper,
1769 2081 1828 2129 et
1870 2087 2116 2130 omnem

613 2167 716 2226 Ad
756 2167 1068 2243 strepitum
1108 2167 1267 2225 fures
1310 2168 1547 2226 estimat
1588 2185 1720 2227 esse
1760 2183 1948 2243 prope
1970 2187 1989 2240 3

614 2264 817 2338 Arma,
862 2282 1093 2324 venena
1134 2265 1319 2338 timet,
1364 2265 1587 2324 furtum
1628 2265 1800 2324 timet
1838 2275 2021 2341 atque
2061 2264 2320 2342 rapinaS,

617 2361 927 2422 Fiduciam
969 2372 1195 2423 certam
1237 2362 1409 2422 diues
1450 2360 1671 2422 habere
1712 2362 1940 2439 nequit.

616 2461 823 2534 Hunc,
868 2461 1014 2520 dum
1057 2461 1249 2538 querit
1290 2479 1455 2537 opeS,
1496 2460 1720 2520 cruciat
1760 2460 2098 2519 miseranda
2137 2459 2375 2537 cupid0,

617 2557 775 2619 Cum
818 2558 938 2617 iam
980 2559 1243 2635 quesitas
1282 2558 1441 2634 cepit
1482 2555 1720 2630 habere,
1766 2558 1963 2618 timor.

617 2656 717 2716 Sic
757 2656 933 2734 igitur
972 2656 1152 2716 miser
1192 2664 1299 2730 est,
1344 2656 1491 2716 dum
1532 2675 1759 2733 pauper
1799 2655 1992 2732 querit
2033 2652 2276 2727 habere,

620 2754 701 2814 Et
740 2755 919 2814 miser
959 2764 1048 2815 est
1089 2754 1278 2826 diues,
1319 2756 1567 2831 perdere
1608 2755 1878 2832 dumque
1915 2754 2105 2813 timet.
2562 2777 2660 2827 340

617 2853 783 2912 Dum
826 2853 979 2913 iacet
1018 2853 1079 2912 in
1122 2853 1357 2930 plumiS,
1402 2853 1648 2930 vigilans
1690 2870 1862 2913 mens
1903 2869 2111 2928 aspera
2152 2852 2348 2925 sentit,

617 2951 834 3010 Feruet
875 2952 1038 3010 enim
1077 2951 1253 3012 variis
1292 2951 1583 3028 exagitata
1624 2951 1817 3011 dolis:

618 3049 800 3120 Dicit,
846 3053 859 3078 ‘
880 3048 1129 3109 Habere
1168 3050 1308 3109 volo
1347 3049 1526 3108 vicini
1562 3048 1839 3125 pauperis
1877 3065 2105 3124 agrum,

620 3147 730 3206 Est
770 3147 994 3207 etenim
1034 3165 1284 3223 campus
1324 3146 1627 3223 proximus
1668 3146 1769 3205 ille
1813 3146 1994 3205 meis?

620 3245 719 3307 Sic
758 3246 922 3322 fugat
960 3264 997 3304 a
1038 3243 1319 3304 domibus
1362 3243 1621 3320 pupillos
1660 3244 1775 3303 iste
1815 3243 2096 3320 paterniS,

619 3343 963 3420 Insequitur
1000 3342 1211 3404 viduas
1252 3341 1607 3419 iudiciisque
1646 3343 1900 3417 premit:

617 3441 867 3502 Deliciis
904 3439 1114 3500 fruitur
1154 3439 1233 3502 de
1273 3437 1451 3499 rebus
1492 3440 1769 3516 pauperis
1811 3439 1941 3515 iste,

617 3541 901 3616 Dampna
940 3547 1031 3598 set
1070 3538 1309 3598 alterius
1350 3546 1659 3615 computat
1700 3555 1832 3597 esse
1873 3536 2079 3597 nichil.

617 3637 680 3698 Si
722 3647 923 3715 posset
964 3637 1261 3696 mundum
1302 3635 1529 3710 lucrari,
1575 3636 1710 3712 quis
1752 3635 1902 3696 deus
1944 3644 2123 3706 esset,

616 3735 880 3795 Vlterius
920 3734 1070 3794 scire
1105 3734 1294 3793 nollet
1334 3734 1395 3792 in
1438 3731 1585 3795 orbe
1625 3734 1826 3793 deum.
2561 3755 2662 3806 350

699 3833 908 3905 Iudex,
954 3849 1159 3893 nonne
1198 3832 1287 3892 tui
1326 3830 1519 3910 fulgor
1558 3830 1665 3892 tibi
1708 3831 1924 3892 sufficit
1965 3830 2110 3902 auri,

615 3932 701 3989 Vt
740 3938 936 3989 careat
976 3928 1239 3990 tenebris
1282 3948 1456 3990 mens
1496 3939 1601 3990 tua
1639 3947 1786 3989 ceca
1827 3929 1944 3988 tuis
1961 3930 1989 3987 Ρ

615 4027 940 4104 Aproprias
979 4045 1191 4086 aurum
1234 4025 1343 4087 tibi
1383 4027 1589 4098 fertile,
1635 4043 1751 4086 nec
1792 4034 1996 4084 tamen
2037 4041 2322 4101 vmquam

618 4126 718 4185 Ad
758 4124 1019 4186 sterilem
1058 4125 1243 4185 vitam
1282 4124 1527 4200 respicis
1568 4124 1697 4200 ipse
1737 4134 1920 4185 tuam.

618 4222 865 4284 Iusticie
906 4231 1143 4283 montes
1188 4221 1379 4282 Iudex
1420 4222 1517 4280 vix
1556 4222 1744 4282 ardua
1784 4238 1967 4298 purus

617 4320 881 4394 Scandit,
925 4321 1073 4381 dum
1114 4319 1326 4379 mundi
1368 4319 1545 4379 rebus
1586 4327 1839 4379 onustus
1880 4319 2004 4379 erit.

552 4454 651 4501 344
684 4436 877 4500 campis
898 4434 941 4486 C
967 4434 1141 4500 (com)
1352 4445 1450 4496 353
1483 4432 1772 4496 Aproprias
1795 4431 1879 4482 SC
1961 4431 2286 4497 Approprias
2309 4428 2557 4481 EHGDL
