3434 5142
761 0 809 10 v«
881 0 964 9 *⁷
1183 0 1239 12 ἡ
1701 2 1744 11 -·
1797 2 1825 11 o·-
1901 0 1990 13 —nuv-
2037 0 2225 13 ο-ι--α--ο
2359 0 2625 17 *νῷ-,Ἀ
2606 0 2661 5 ---

1249 483 1531 549 LIBER
1587 483 2000 549 TERCIUS
2602 499 2719 565 123

677 646 850 722 Quos
892 644 1052 705 velut
1094 645 1157 704 in
1197 645 1432 722 signum
1473 644 1775 721 spirituale
1816 654 2018 719 tenet3

677 745 912 807 Cesaris
954 752 1014 803 et
1054 751 1324 820 ceptrum
1365 742 1580 802 mundi
1619 740 1735 802 sibi
1778 743 1970 819 signat
2012 742 2321 817 honorem,

676 842 820 917 Quo
861 840 1031 918 quasi
1073 840 1380 901 mundane
1419 857 1514 900 res
1555 840 1917 900 famulantur
1956 840 2029 899 ei.
2620 850 2719 915 580

676 940 839 1015 Papa
880 940 1087 999 colens
1127 938 1358 999 animas
1400 937 1507 997 has
1547 937 1838 1015 dampnat
1878 936 2277 1015 viuificatque,

676 1036 946 1114 Corpora
987 1045 1077 1095 set
1119 1035 1306 1097 Cesar
1345 1034 1588 1095 subdita
1627 1035 1757 1094 iure
1796 1036 1961 1111 regit.

677 1134 820 1194 Non
864 1135 1004 1193 licet
1043 1144 1107 1193 vt
1149 1132 1336 1195 Cesar
1373 1132 1606 1193 animas
1647 1141 1925 1209 torquere
1965 1130 2203 1205 valebit,

678 1232 808 1292 Nec
851 1230 928 1291 de
967 1249 1146 1308 posse
1187 1248 1301 1291 suo
1341 1248 1434 1289 res
1476 1239 1642 1290 tenet
1681 1229 1783 1289 illa
1824 1229 1937 1289 sibi
1961 1251 1979 1304 3

678 1329 811 1389 Nec
853 1328 1028 1389 decet
1069 1346 1141 1388 ex
1181 1328 1406 1405 guerris
1446 1328 1763 1388 hominum
1805 1328 1971 1405 quod
2012 1346 2169 1406 papa
2210 1328 2415 1406 fatiget

678 1427 961 1504 Corpora,
1006 1444 1269 1504 namque
1309 1426 1424 1487 sibi
1467 1444 1592 1486 non
1631 1436 1799 1487 tenet
1838 1426 1987 1487 illud
2026 1445 2214 1505 opus:

679 1526 954 1602 Quisque
995 1543 1170 1585 suum
1211 1524 1391 1585 faciat
1431 1525 1676 1598 sactum,
1720 1542 1829 1601 pro
1872 1543 1996 1602 quo
2038 1525 2200 1586 venit
2240 1525 2357 1599 ille,

677 1622 898 1683 Saltem
942 1623 1046 1700 qui
1087 1623 1326 1699 pondus
1367 1632 1492 1683 tam
1531 1622 1785 1700 capitale
1823 1624 1988 1700 gerit.

680 1722 804 1796 Qui
845 1732 1011 1782 tenet
1053 1721 1152 1781 hic
1191 1722 1423 1781 animas
1465 1719 1581 1782 sub
1619 1739 1779 1794 cura,
1824 1722 2039 1782 celsior
2078 1731 2253 1795 extat,

621 1824 628 1831 '
679 1818 760 1878 Et
800 1820 1017 1896 gradus
1057 1819 1318 1879 anterior
1355 1818 1710 1897 glorificabit
1752 1836 1909 1879 eum.
2620 1842 2719 1893 590

682 1917 991 1994 Quicquid
1031 1919 1152 1995 agit
1194 1935 1367 1995 papa,
1411 1917 1566 1989 licet,
1609 1926 1672 1977 vt
1712 1926 1900 1976 status
1942 1916 2041 1977 ille
2082 1917 2313 1989 fatetur,

682 2014 854 2075 Errat
895 2033 1165 2092 persona,
1212 2033 1336 2075 non
1379 2025 1567 2075 status
1609 2016 1709 2075 ille
1748 2024 1992 2075 tamen:

682 2112 840 2172 Nam
884 2132 1050 2173 sacer
1091 2114 1190 2174 ille
1232 2122 1420 2174 status
1461 2113 1761 2173 mundum
1802 2111 2184 2185 transcendit,
2230 2120 2289 2173 et
2330 2111 2460 2172 eius

679 2210 961 2271 Celorum
1005 2213 1204 2272 claues
1244 2213 1486 2272 dextera
1526 2210 1727 2288 palma
1764 2210 1929 2288 gerit.

681 2309 852 2368 Hinc
891 2310 1200 2386 aperitque
1239 2311 1466 2387 polum,
1510 2318 1721 2369 tetram
1764 2326 2009 2386 quoque
2048 2307 2273 2368 claudit
2311 2306 2595 2381 abissum,

683 2407 823 2482 Que
864 2424 1042 2484 super
1081 2418 1185 2467 aut
1225 2407 1437 2467 subtus
1479 2417 1636 2480 sunt,
1681 2425 1790 2468 sua
1830 2406 1959 2466 iura
1998 2406 2206 2466 colunt
2224 2426 2243 2481 3

683 2504 869 2579 Quod
911 2506 1052 2582 ligat
1092 2515 1181 2565 est
1224 2506 1477 2578 firmum,
1523 2504 1690 2581 quod
1731 2505 1913 2564 soluit
1951 2504 2181 2581 eritque
2221 2503 2499 2577 solutum,

682 2603 869 2663 Posse
911 2620 1085 2661 suum
1129 2602 1344 2663 nostris
1385 2602 1472 2663 sic
1513 2601 1830 2662 animabus
1872 2600 2069 2662 habet.

763 2700 997 2761 Cesaris
1041 2701 1154 2761 hec
1193 2719 1314 2778 que
1353 2710 1508 2774 sunt,
1554 2702 1648 2761 lex
1690 2710 1752 2761 vt
1792 2699 2117 2760 reddantur
2156 2698 2357 2760 eidem

680 2798 844 2871 Vult,
866 2806 950 2859 ·et
989 2806 1053 2857 vt
1093 2798 1192 2858 illa
1233 2799 1330 2858 dei
1371 2798 1490 2857 sint
1531 2798 1851 2858 tribuenda
1890 2798 2026 2858 de0.
2622 2802 2722 2854 600

683 2895 918 2957 Cesaris
961 2908 1050 2955 est
1091 2906 1174 2955 vt.
1194 2896 1248 2955 ei
1291 2906 1470 2972 eaput
1513 2896 1781 2969 inclines,
1824 2896 2208 2972 animamque

683 2992 863 3069 Pape‚
909 2994 994 3053 sic
1035 2994 1338 3070 proprium
1379 2993 1582 3053 reddis
1622 2994 1857 3070 vtrique
1898 3011 2110 3053 suum:

685 3091 870 3153 Cesar
910 3090 1130 3151 habere
1169 3100 1390 3150 statum
1431 3108 1587 3168 pape
1629 3091 1856 3168 nequit,
1902 3100 2005 3150 aut
2046 3089 2159 3151 sibi
2202 3108 2358 3167 papa

684 3188 920 3250 Cesaris
960 3189 1276 3266 imperium
1318 3206 1443 3249 non
1485 3189 1787 3267 propriare
1828 3198 2043 3265 potest.

683 3287 918 3348 Cesaris
959 3288 1077 3347 hoc
1117 3305 1241 3346 non
1284 3298 1375 3347 est
1415 3297 1477 3347 vt
1519 3286 1844 3363 spiritualia
1884 3295 2152 3363 temptet,

683 3385 742 3443 N
746 3403 817 3444 ec
859 3384 1034 3445 decet
1073 3394 1137 3445 vt
1176 3402 1332 3461 papa
1373 3384 1611 3447 Cesaris
1651 3402 1816 3444 arma
1854 3394 2056 3461 gerat:

683 3483 848 3559 Papa
887 3501 1062 3543 suum
1105 3492 1308 3541 teneat
1350 3482 1654 3559 Cesarque
1683 3500 1877 3554 suum,
1920 3480 2088 3558 quod
2126 3481 2359 3558 vtrique

686 3580 824 3640 Iura
865 3589 1158 3657 coequata
1198 3590 1358 3640 stent
1397 3581 1637 3640 racione
1669 3590 1811 3640 rata.

683 3677 746 3738 Si
787 3676 903 3736 sibi
945 3688 1246 3753 presumat
1286 3677 1474 3740 Cesar
1513 3677 1747 3754 papalia
1786 3677 1930 3750 iura,

685 3775 830 3835 Hoc
871 3794 996 3833 non
1037 3792 1192 3852 papa
1233 3776 1390 3851 sinit,
1434 3776 1622 3836 immo
1661 3776 1880 3836 resistit
1920 3774 2017 3835 ei:
2623 3782 2722 3833 610

685 3872 845 3950 Ergo
887 3873 1034 3949 quid
1076 3882 1166 3933 est
1207 3873 1434 3933 bellum
1475 3891 1630 3951 pape
1671 3872 1837 3951 quod
1880 3872 2115 3934 Cesaris
2156 3874 2359 3933 extat?

684 3970 846 4029 Nam
887 3970 1036 4031 deus
1079 3971 1330 4032 ecclesie
1370 3972 1534 4049 pacis
1574 3982 1806 4031 amator
1845 3980 1987 4031 erat.

684 4068 788 4128 Set
829 4068 969 4145 quia
1009 4087 1166 4146 papa
1206 4070 1330 4130 suis
1371 4071 1665 4131 mundum
1711 4079 2003 4128 scrutatur
2042 4068 2105 4127 in
2144 4069 2343 4142 armis,

685 4166 964 4226 Inueniet
1005 4165 1261 4227 similem
1304 4185 1485 4245 quem
1529 4168 1675 4244 petit
1717 4167 1861 4227 inde
1902 4166 2188 4227 modum:

684 4261 960 4340 Opponis
1001 4266 1251 4340 mundo,
1295 4267 1558 4327 mundus
1600 4265 1942 4341 respondet,
1986 4275 2045 4325 et
2088 4265 2249 4325 illam

685 4360 885 4437 Quam
930 4360 1045 4421 sibi
1087 4363 1370 4440 preponis
1411 4382 1536 4423 rem
1579 4362 1749 4423 dabit
1790 4362 1918 4440 ipse
1958 4362 2085 4423 tibi.

848 4504 948 4554 579
969 4499 1230 4555 sceptrum
1255 4491 1299 4542 C
1495 4506 1594 4556 595
1617 4498 1805 4542 tetram
1828 4490 1977 4542 CEH
2044 4498 2238 4541 terram
2262 4489 2451 4541 SGDL
