3434 5142
819 463 944 544 348
1201 439 1620 526 'CARMEN
1681 453 1993 520 SUPER
2054 451 2611 518 MULTIPLICI

983 620 1126 680 Non
1166 618 1412 680 tenebre
1453 618 1642 678 solem
1682 614 1945 694 capiunt,
1988 633 2114 674 non
2154 613 2383 674 lumina
2421 631 2619 686 cecus,

985 717 1206 778 Infima
1244 735 1416 777 mens
1456 712 1721 776 hominis
1760 731 1875 774 nec
1916 712 2077 792 capit
2114 713 2237 772 alta
2276 709 2412 772 dei:

985 817 1224 894 Nempe
1264 813 1414 874 sacri
1453 813 1630 874 flatus
1668 813 1997 872 archanum
2038 809 2244 871 nobile
2284 827 2597 887 nunquam

983 912 1241 974 Scrutari
1281 911 1485 986 debes,
1530 913 1698 989 quod
1738 920 2048 989 penetrare
2083 907 2313 986 nequis.

987 993 1146 1074 Cum
1186 1029 1312 1072 non
1353 1009 1428 1071 sit
1468 1021 1741 1070 nostrum
1779 1009 1875 1068 vel
1914 1007 2127 1068 mundi
2168 1017 2441 1084 tempora
2478 1023 2675 1079 nome,

984 1111 1166 1170 Vnde
1203 1119 1500 1170 creaturas
1541 1125 1723 1169 nosse
1761 1105 1992 1167 laborat
2032 1106 2219 1165 homo
2236 1105 2265 1164 Ρ

987 1209 1119 1269 Nos
1161 1207 1380 1268 sentire
1420 1207 1605 1268 fidem
1647 1216 1853 1266 nostra
1888 1202 2131 1264 racione
2170 1201 2487 1281 probatam

988 1306 1132 1366 Non
1172 1305 1324 1366 foret
1363 1303 1642 1365 humanis
1681 1301 1904 1363 viribus
1944 1301 2095 1363 illud
2134 1319 2287 1378 opus
2310 1321 2329 1374 3

988 1405 1346 1464 Humanum
1386 1422 1514 1463 non
1553 1411 1645 1462 est
1684 1421 1839 1480 opus
1880 1411 1944 1460 vt
1984 1399 2369 1460 transcendat
2404 1399 2487 1460 ad
2526 1409 2700 1468 astra,
2976 1418 3061 1471 70

989 1501 1174 1577 Quod
1217 1499 1482 1560 mortalis
1521 1500 1708 1560 homo
1749 1517 1875 1560 non
1914 1495 2156 1559 racione
2194 1495 2395 1575 capit:

991 1597 1307 1676 Ingenium
1349 1607 1514 1658 tante
1553 1595 1763 1658 transit
1800 1593 2031 1656 virmtis
2071 1593 2135 1655 in
2174 1596 2381 1667 altum,

987 1695 1362 1757 Transcurrit
1401 1714 1664 1775 superos,
1709 1694 1774 1754 in
1812 1692 2037 1755 deitate
2076 1703 2297 1754 manet.

990 1793 1115 1870 Qui
1155 1793 1456 1872 sapienter
1493 1791 1632 1870 agit,
1677 1790 1869 1871 sapiat
1910 1791 2290 1852 moderanter
2330 1789 2395 1850 in
2436 1788 2578 1862 istis,

990 1893 1260 1953 Postulet
1299 1902 1363 1953 vt
1403 1902 1626 1952 rectam
1667 1888 1859 1969 possit
1898 1889 2122 1950 habere
2159 1889 2381 1949 fidem:

990 1989 1346 2052 Committat
1386 1988 1529 2050 fidei
1568 1989 1737 2068 quod
1777 2005 1903 2047 non
1942 1985 2161 2066 poterit
2199 1984 2440 2058 racioni,
2537 2041 2543 2049 .

992 2089 1177 2165 Quod
1219 2107 1344 2147 non
1383 2087 1490 2148 dat
1529 2084 1706 2160 tanin,
1751 2087 1857 2147 det
1896 2083 2007 2144 tibi
2046 2085 2217 2144 firma
2256 2084 2423 2144 fides.

991 2186 1176 2262 Quod
1216 2186 1398 2247 docet
1437 2183 1692 2246 ecclesia
1730 2194 1797 2244 tu
1837 2193 2072 2243 tantum
2111 2181 2306 2254 crede,
2351 2199 2467 2242 nec
2505 2183 2656 2242 vltra

991 2285 1192 2360 Quam
1234 2281 1345 2343 tibi
1385 2281 1536 2346 scire
1577 2282 1754 2342 damr
1792 2279 2367 2359 quomodocumque
2406 2281 2618 2340 stude:

991 2379 1219 2442 Sufficit
1255 2391 1319 2442 vt
1357 2381 1583 2452 credas,
1628 2389 1721 2440 est
1758 2397 1853 2440 ars
1892 2376 1997 2439 vbi
2036 2378 2201 2438 nulla
2240 2375 2486 2449 sciendi,
2968 2387 3041 2434 80

992 2480 1238 2555 Quanta
1276 2489 1478 2556 potest
1513 2476 1801 2539 deminus
1840 2474 1992 2536 scire
2032 2493 2147 2536 nec
2185 2477 2339 2536 vllus
2380 2474 2579 2536 habet.

992 2577 1102 2636 Est
1140 2577 1293 2636 deus
1333 2574 1735 2655 omnipotens,
1778 2585 1843 2635 et
1878 2573 1984 2652 qui
2018 2583 2199 2652 negat
2236 2570 2637 2652 omnipotenti

994 2672 1254 2734 Credere
1293 2689 1486 2750 posse,
1531 2689 1708 2732 suum
1748 2672 2005 2748 denegat
2044 2688 2177 2731 esse
2216 2671 2395 2730 deum
2422 2691 2439 2744 3

993 2767 1092 2829 Sic
1133 2766 1506 2828 incarnatum
1547 2778 1614 2828 tu
1654 2765 1843 2828 debes
1884 2768 2128 2828 credere
2168 2766 2431 2829 eristum

991 2863 1250 2944 Virginis
1291 2884 1364 2926 ex
1405 2875 1586 2937 vtem,
1630 2862 1739 2941 qui
1778 2864 1929 2924 deus
1968 2874 2061 2924 est
2100 2874 2161 2924 et
2200 2865 2403 2924 homo.

1072 2962 1180 3023 Vis
1221 2965 1420 3024 saluus
1462 2961 1642 3024 fieri?
1693 2973 1873 3041 pete,
1914 2963 2111 3034 crede,
2154 2963 2362 3023 stude
2400 2959 2692 3034 reuereri3

991 3059 1242 3139 Absque
1282 3059 1470 3139 magis
1510 3057 1680 3139 queri
1720 3061 1817 3121 lex
1856 3058 2023 3122 iubet
2062 3059 2179 3120 ista
2213 3058 2353 3138 geri.

995 3159 1142 3218 Has
1181 3157 1462 3220 fantasias
1499 3157 1667 3220 aliter
1707 3176 1843 3236 que
1883 3159 2031 3219 dant
2070 3157 2329 3219 heresias

994 3258 1300 3336 Dampnat
1341 3255 1612 3330 Messias,
1653 3255 1887 3317 sobrius
1928 3274 2069 3334 ergo
2108 3253 2277 3316 scias.

992 3355 1296 3433 Tempore
1337 3351 1598 3427 Ricardi²
1643 3372 1823 3431 super
1862 3353 1977 3415 hiis
2016 3372 2137 3432 que
2183 3354 2304 3414 fata
2341 3353 2621 3426 tulerunt,
2964 3375 3041 3426 90

994 3451 1289 3512 Scismata
1331 3450 1566 3514 lollardi
1605 3453 1685 3513 de
1725 3450 1997 3513 nouitate
2036 3461 2274 3513 serunt:

993 3548 1212 3611 Obstet
1252 3547 1556 3629 principiis
1597 3548 1849 3611 tribulos
1888 3567 2259 3629 purgareque
2299 3549 2481 3611 vadat

995 3648 1206 3709 Cultor
1245 3646 1308 3708 in
1349 3645 1634 3722 ecclesiis,
1677 3666 1756 3709 ne
1796 3666 1932 3709 rosa
1970 3649 2124 3709 forte
2160 3647 2353 3709 cadat.

1155 3829 1397 3887 Contra
1431 3833 1666 3888 menti·
1703 3831 2019 3888 Seuieiarn
2055 3832 2122 3885 in
2158 3803 2361 3887 cauea
2394 3830 2709 3902 Superbie.

1076 3944 1347 4005 Dimcrr
1387 3943 1452 4005 in
1491 3944 1678 4006 verbo
1717 3963 1947 4018 sensus,
1988 3963 2115 4022 quo
2153 3955 2373 4006 cuncta
2411 3943 2671 4024 superbo

994 4040 1264 4104 Scribere
1303 4041 1524 4104 delicta
1561 4061 1819 4120 nequeo,
1861 4061 1982 4121 que
2022 4053 2161 4103 sunt
2201 4041 2388 4104 michi
2426 4041 2605 4104 dicta.

995 4138 1194 4201 Radix
1232 4139 1464 4219 peccati
1501 4139 1614 4201 fuit
1651 4140 1753 4202 ille
1793 4139 1955 4221 prius
1996 4139 2281 4214 scelerati,

995 4235 1088 4297 Ex
1126 4253 1250 4314 quo
1291 4236 1602 4316 dampnati
1641 4235 1945 4317 perierunt
1980 4236 2371 4317 preuarieati:

896 4358 962 4404 62
996 4353 1128 4421 non]
1162 4371 1261 4406 nec
1299 4356 1339 4406 F
1571 4360 1639 4421 ⁶3
1672 4359 1795 4422 nee]
1835 4375 1942 4408 non
1975 4358 2121 4409 ΕΒΗ
2348 4360 2417 4408 86
2452 4357 2533 4408 Νο
2556 4365 2769 4423 paragr.
2802 4359 2913 4408 hm
2947 4358 3035 4407 1³1.

831 4435 982 4486 stude
1006 4433 1288 4486 SCEHLB
1355 4435 1479 4486 time
1505 4434 1546 4485 1²·
1649 4437 1718 4487 88
1740 4437 1857 4500 Que
1880 4437 2129 4490 fantasias
2150 4437 2301 4488 aliter
2317 4438 2410 4488 tibi
2436 4437 2477 4486 F
2480 4437 2525 4487 B
2623 4453 2693 4503 9o
2712 4436 2929 4503 Par-gr.
2946 4435 2989 4486 F
2992 4437 3035 4486 L
