3434 5142
961 429 1430 496 CAPITULA
1485 430 1748 497 LIBRI
1811 432 2089 497 SEXTI
2641 450 2723 515 15

646 592 974 667 extollatur,
1020 592 1241 670 regiam
1280 603 1485 654 tamen
1522 592 1697 653 decet
1735 592 2144 666 clemenciam,
2175 590 2343 670 quod
2380 592 2510 669 ipse
2547 590 2724 653 bonis

638 690 907 751 moribus
943 690 1295 765 inherendo,
1328 691 1499 766 quasi
1536 689 1687 753 liber
1712 691 1830 751 sub
1865 691 2098 751 iusticie
2123 687 2354 770 legibus
2393 707 2458 751 se
2484 699 2544 750 et
2583 708 2723 751 suos

636 790 701 849 in
728 800 977 866 aspectu
1006 789 1191 867 Regis
1216 789 1487 851 altissimi
1514 788 1756 849 assidue
1781 788 2091 867 gubernet.

306 885 511 963 Capm.
545 886 619 946 ix.
671 887 796 946 Hic
858 888 1122 965 loquitur
1175 888 1429 965 qualiter
1492 905 1595 947 rex
1649 885 1764 949 sibi
1819 886 1980 947 male
2033 886 2417 949 consulentes
2479 886 2722 947 caucius

640 986 879 1059 euitare,
931 985 1386 1063 proditoresque
1427 985 1593 1063 regni
1640 985 1735 1049 sui
1783 985 2022 1062 penitus
2063 985 2424 1062 extinguere,
2475 1002 2720 1045 suorum

638 1082 827 1143 eciam
856 1083 1249 1145 condiciones
1268 1083 1673 1143 ministrorum
1696 1082 2052 1159 diligencius
2074 1081 2447 1159 inuestigare,
2477 1091 2538 1143 et
2566 1100 2720 1160 quos

638 1190 799 1241 extra
827 1180 1123 1241 iusticiam
1150 1191 1411 1242 errantes
1438 1180 1751 1254 inuenerit,
1783 1178 1990 1242 debita
2029 1198 2186 1258 pena
2212 1180 2505 1258 corrigere
2541 1180 2725 1241 debet

638 1290 697 1339 et
724 1277 1059 1339 districcius
1086 1280 1387 1356 castigare.

306 1378 509 1455 Capm.
537 1396 592 1437 x.
634 1378 759 1437 Hic
786 1377 933 1438 dicit
974 1377 1141 1454 quod
1179 1396 1281 1437 rex
1318 1394 1467 1437 sano
1504 1375 1760 1437 consilio
1795 1374 2096 1449 adhereat,
2137 1375 2390 1436 ecclesie
2427 1376 2554 1436 iura
2590 1394 2723 1453 sup·

637 1484 833 1552 portet
860 1484 921 1535 et
958 1475 1158 1552 erigat,
1197 1493 1347 1552 equs
1386 1475 1447 1533 in
1488 1474 1722 1534 iudiciis
1759 1484 1819 1535 et
1861 1474 2127 1552 pietosus
2163 1474 2391 1549 existat,
2431 1492 2725 1552 suamque

638 1574 857 1633 sarnam
886 1574 1117 1633 cunctis
1145 1572 1359 1633 mundi
1384 1571 1603 1649 opibus
1633 1581 1939 1649 preponat.

306 1672 508 1749 Capm.
540 1671 615 1731 xi.
662 1671 789 1731 Hic
816 1672 1079 1748 loquitur
1108 1671 1361 1749 qualiter
1386 1671 1611 1747 regiam
1640 1668 1974 1731 libertatem
1993 1670 2056 1729 in
2077 1669 2363 1730 viciorum
2384 1670 2722 1730 nullatenus

636 1769 813 1829 decet
840 1770 1103 1830 incidere
1130 1769 1496 1842 seruitutem,
1527 1777 1617 1829 set
1646 1768 1799 1828 sicut
1826 1786 2028 1827 coram
2057 1768 2283 1845 populo
2310 1768 2460 1827 alios
2487 1767 2722 1827 excellit

637 1869 933 1945 potencia,
962 1868 1045 1928 ita
1072 1886 1273 1928 coram
1305 1867 1421 1928 deo
1450 1884 1555 1944 pre
1582 1866 1796 1926 ceteris
1825 1864 2098 1941 ampliori
2127 1864 2406 1925 virtutum
2437 1864 2722 1924 clarescat

634 1964 1073 2027 habundancia.
1933 1966 1953 1983 ⁴

306 2065 507 2142 Capm.
540 2064 637 2124 xii.
686 2064 811 2124 Hic
858 2064 1120 2141 loquitur
1166 2064 1417 2141 qualiter
1464 2082 1567 2124 rex
1620 2080 1659 2123 a
1706 2079 1814 2123 sue
1861 2060 2054 2122 carnis
2103 2060 2407 2137 voluptate
2456 2056 2722 2120 illicebra

635 2162 967 2240 specialiter
994 2180 1059 2223 se
1087 2162 1270 2224 debet
1306 2162 1623 2235 abstinere,
1653 2169 1713 2221 et
1751 2156 1865 2219 sub
1901 2176 2068 2218 sacre
2094 2158 2240 2235 legis
2281 2157 2720 2218 constitucione

632 2271 873 2337 propter
910 2261 1179 2321 diuinam
1221 2260 1509 2322 offensam
1554 2276 1662 2319 sue
1703 2256 1976 2335 coniugis
2016 2266 2249 2316 tantum
2290 2256 2454 2317 licito
2494 2256 2720 2315 fruatur

632 2360 962 2419 consorci0.

304 2457 511 2535 Capm.
554 2456 672 2515 xiii.
720 2457 845 2516 Hic
886 2457 1147 2535 loquitur
1186 2466 1248 2517 et
1293 2458 1465 2534 ponit
1514 2454 1835 2535 magnifico
1883 2454 2003 2514 iam
2047 2452 2202 2530 Regi
2247 2462 2454 2513 nostro
2499 2454 2717 2516 queni

634 2572 824 2631 nuper
862 2553 1219 2615 serenissimi
1264 2555 1555 2633 Principis
1591 2554 1774 2632 patris
1815 2554 1906 2614 sui
1950 2552 2240 2629 exempla,
2283 2550 2493 2611 dicens
2531 2554 2714 2629 quod,

632 2650 733 2720 vbi
761 2663 821 2713 et
849 2653 1097 2730 quando
1125 2654 1495 2714 necessitatis
1525 2652 1673 2713 illud
1703 2652 1883 2729 exigit
1913 2651 2180 2721 facultas,
2212 2667 2312 2709 rex
2340 2660 2548 2709 contra
2577 2669 2718 2711 suos

630 2749 835 2811 hostes
863 2768 1163 2810 armorum
1184 2749 1511 2827 probitates
1532 2750 1819 2811 audacter
1838 2757 2124 2822 exerceat,
2150 2756 2210 2808 et
2239 2747 2407 2824 quod
2435 2746 2534 2806 ille
2554 2747 2718 2807 nulla

630 2848 989 2909 aduersitate
1017 2848 1108 2907 sui
1134 2847 1333 2908 vultus
1359 2848 1772 2908 constanciam
1803 2844 2144 2907 videntibus
2171 2845 2300 2905 aliis
2328 2844 2576 2905 amittat.

303 2946 506 3024 Capm.
538 2946 677 3006 xiiii.
725 2945 852 3005 Hic
877 2946 1142 3023 loquitur
1167 2945 1334 3023 quod
1361 2944 1593 3022 absque
1620 2944 1855 3005 iusticie
1892 2953 2133 3021 experta
2161 2960 2342 3002 causa
2367 2960 2471 3001 rex
2498 2941 2718 3003 bellare

634 3061 757 3103 non
823 3040 1023 3105 debet.
1126 3042 1290 3102 Dicit
1354 3043 1597 3119 insuper
1650 3041 1819 3120 quod
1877 3041 2037 3117 regie
2091 3040 2364 3118 congruit
2423 3039 2714 3117 dignitati,

634 3140 893 3201 discreto
914 3149 1115 3200 tamen
1137 3140 1380 3216 prouiso
1399 3139 1706 3217 regimine,
1732 3139 1920 3218 magis
1937 3156 2143 3200 amore
2159 3156 2343 3215 quarn
2361 3139 2717 3199 austeritatis

633 3240 821 3316 rigore
849 3256 989 3299 suos
1018 3237 1292 3298 subditos
1320 3247 1585 3298 tractare.

301 3340 507 3417 Capm.
540 3356 633 3397 xv.
680 3338 804 3397 Hic
829 3336 1095 3413 loquitur
1122 3336 1453 3396 secundum
1478 3336 1818 3397 Salomonis
1838 3334 2291 3413 experienciam,
2317 3332 2485 3412 quod
2507 3334 2718 3394 ceteris

632 3432 946 3495 virtutibus
973 3432 1052 3495 ad
1089 3433 1255 3510 regni
1282 3432 1752 3511 gubernaculum
1792 3434 2057 3511 preualet
2091 3430 2408 3509 sapiencia,
2440 3420 2560 3509 que
2596 3432 2716 3493 deo

630 3542 691 3593 et
719 3532 1064 3593 hominibus
1092 3549 1293 3609 regem
1323 3532 1510 3609 magis
1538 3532 1736 3593 reddit
1762 3529 2213 3610 acceptabilem.

300 3634 503 3710 Capm.
535 3630 651 3691 xvi.
697 3630 823 3689 Hic
886 3629 1148 3707 loquitur
1211 3629 1465 3707 qualiter
1518 3630 1633 3691 celi
1695 3630 1865 3704 deuS,
1923 3628 2028 3708 qui
2081 3636 2174 3689 est
2226 3645 2330 3687 rex
2383 3644 2589 3705 regum
2655 3637 2718 3688 et

632 3727 917 3788 dominus
953 3726 1426 3800 dominanciurn,
1456 3746 1494 3787 a
1528 3726 1768 3805 regibus
1805 3739 1958 3788 terre
1998 3744 2147 3803 pura
2186 3734 2392 3786 mente
2432 3726 2716 3803 precipue

629 3827 921 3888 colendus
950 3836 1039 3886 est
1067 3835 1129 3886 et
1158 3843 1337 3902 super
1364 3825 1569 3885 omnia
1597 3825 1974 3887 metuendus.

298 3926 498 4005 Capu.
530 3924 667 3985 xvii.
713 3924 839 3983 Hic
876 3923 1137 4002 loquitur
1172 3922 1425 4001 qualiter
1458 3940 1561 3981 rex
1596 3923 1660 3982 in
1697 3923 1940 3983 caritate
1977 3921 2076 3983 dei
2113 3930 2173 3983 et
2205 3921 2458 3999 proximi
2485 3922 2712 3997 vinens,

629 4031 837 4083 contra
865 4020 1387 4099 superuenientem
1416 4030 1687 4095 mortem,
1718 4038 1839 4097 que
1868 4020 2033 4080 nullo
2059 4019 2247 4097 parcit
2282 4021 2423 4097 regi,
2453 4020 2620 4080 omni
2648 4038 2716 4080 se

629 4119 813 4180 debet
841 4118 1159 4196 diligencia
1185 4118 1519 4195 prouidere.

299 4222 505 4299 Capm.
536 4214 693 4278 xviii.
742 4218 867 4277 Hic
914 4216 1177 4295 loquitur
1224 4216 1285 4275 in
1338 4217 1457 4277 fine
1506 4216 1674 4281 istius
1724 4216 1989 4293 epistole,
2040 4216 2142 4279 vbi
2191 4236 2300 4295 pro
2355 4226 2511 4278 statu
2559 4213 2714 4292 regis

628 4316 921 4379 deuocius
952 4325 1171 4391 exorat,
1210 4325 1273 4376 vt
1310 4315 1459 4375 deus
1494 4315 1678 4393 ipsius
1718 4326 1938 4377 etatem
1977 4316 2094 4377 iam
2133 4314 2404 4377 floridam
2443 4315 2504 4375 in
2547 4313 2714 4375 omni

1222 4429 1313 4481 xii.
1343 4445 1364 4479 1
1404 4429 1645 4480 illecebra
1669 4429 1808 4481 CED
