3434 5142
807 422 932 484 270
1503 398 1704 464 VOX
1763 397 2305 465 CLAMANTIS

969 561 1094 639 Qui
1134 560 1326 621 suerat
1364 562 1544 622 iudex
1583 561 1741 623 Cato
1782 560 1971 621 iustus
2011 556 2091 619 ab
2130 558 2277 619 vrbe
2316 558 2577 632 recessit,

969 661 1314 737 Pilatusque
1353 660 1490 720 loco
1532 658 1758 718 iudicat
1798 676 1941 719 ecce
1980 676 2109 717 suo,
2880 680 3021 731 1310

969 758 1152 817 Nunc
1193 757 1426 817 occisus
1466 756 1623 817 Abel
1666 757 1856 817 iustus
1896 756 2087 815 fratris
2128 755 2281 833 perit
2321 772 2483 828 ense,

968 853 1282 933 Approbat
1321 854 1438 916 hoc
1477 856 1707 915 licitum
1748 854 1844 913 lex
1882 862 2087 915 tamen
2126 871 2260 915 esse
2300 854 2587 915 modum:
2707 886 2713 895 ·

972 954 1152 1014 Nunc
1192 952 1627 1013 Mardocheum
1669 969 2029 1028 suspensum
2070 969 2269 1026 cerno,
2314 960 2406 1013 set
2444 954 2644 1012 Aman

971 1052 1235 1129 Eripitur
1273 1052 1506 1128 laque0‚
1551 1051 1646 1111 lex
1685 1050 1829 1109 sinit
1868 1050 1981 1110 ista
2020 1051 2224 1111 mode.

976 1150 1157 1209 Nunc
1200 1149 1412 1209 iterum
1455 1148 1686 1210 Cristus
1728 1148 1859 1208 sine
1898 1148 2077 1223 culpa
2116 1147 2185 1207 fit
2225 1147 2559 1220 crucifixuS,

971 1246 1052 1307 Et
1093 1245 1355 1307 Barabas
1395 1245 1545 1305 latro
1585 1244 1737 1304 liber
1774 1243 1965 1304 abibit
2004 1262 2095 1305 eo.

970 1344 1070 1404 Sic
1111 1344 1272 1404 cadit
1313 1354 1374 1404 et
1413 1352 1664 1403 stratum
1704 1342 1799 1403 ius
1840 1342 2033 1403 nescit
2070 1360 2323 1403 noscere
2346 1343 2606 1416 iustum,

971 1443 1031 1502 N
1035 1460 1106 1503 ec
1145 1442 1328 1503 virtus
1367 1442 1552 1502 animi
1593 1442 1712 1501 iam
1753 1440 1902 1519 regit
1940 1450 2077 1501 acta
2115 1440 2241 1502 viri.

878 1644 998 1699 Hic
1020 1644 1296 1713 loquitur
1319 1644 1522 1699 adhuc
1544 1644 1817 1700 νηπίω
1840 1658 2033 1713 nuper
2054 1642 2292 1709 eodem,
2316 1644 2591 1713 quanter
2618 1645 2763 1699 loco
2792 1658 3013 1701 eorum

809 1732 915 1799 qui
949 1745 1150 1801 nuper
1185 1733 1353 1786 canti
1386 1731 1641 1788 fuerunt
1677 1733 1745 1788 et
1780 1734 2173 1795 constantes,
2208 1735 2619 1787 surrexerunt
2652 1731 2839 1786 modo
2874 1731 3013 1797 alii,

809 1821 913 1887 qui
936 1820 1124 1875 huius
1147 1820 1345 1876 seculi
1369 1819 1730 1875 vanitatem
1755 1820 2275 1889 concupiscentes
2298 1820 2555 1889 pudoris
2572 1818 3015 1875 constanciam

778 1958 785 1965 .
811 1907 1060 1976 penitus
1085 1910 1448 1963 amiserunt.
1593 1914 1606 1929 ·

597 2028 793 2105 Capm.
823 2027 934 2089 xxi.
1061 2030 1340 2089 Mortuus
1382 2040 1472 2089 est
1511 2028 1663 2089 vicia
1703 2029 1975 2090 Socrates
2015 2029 2231 2089 virtute
2270 2028 2645 2107 restringens

973 2126 1338 2203 Dispensare
1379 2125 1600 2203 quibus
1639 2144 1805 2186 nunc
1848 2127 2142 2203 Epicurus
2180 2125 2390 2186 adest:
2618 2111 2631 2123 ⁶
2882 2149 3017 2200 1320

971 2223 1146 2283 Vana
1186 2224 1582 2301 relinquendo
1624 2241 1788 2284 nunc
1828 2234 2096 2284 mortuus
2136 2232 2233 2285 est
2272 2224 2610 2301 Dyogenee,

970 2321 1180 2382 Vanus
1208 2330 1270 2383 et
1308 2322 1472 2382 hunc
1511 2322 1810 2382 mundum
1850 2338 2015 2381 nunc
2056 2322 2367 2398 Arisippus
2409 2320 2607 2381 habet.

974 2420 1252 2479 Mortuus
1293 2428 1384 2480 est
1425 2437 1642 2496 corpus
1681 2420 1979 2497 castigans
2020 2419 2184 2496 virgo
2225 2418 2523 2493 PhirinuS,

973 2516 1232 2576 Mechus
1271 2526 1332 2577 et
1372 2516 1662 2594 Agladius
1701 2516 1849 2577 viuit
1890 2516 1953 2576 in
1994 2516 2139 2577 vrbe
2180 2534 2397 2577 nouus.

975 2614 1251 2673 Mortuus
1291 2625 1382 2674 est
1421 2614 1662 2675 Troilus
1701 2624 2044 2674 constanter
2082 2632 2287 2675 amore
2327 2615 2540 2689 fidelia,

974 2711 1228 2788 Iamque
1270 2710 1502 2771 Iasonis
1541 2728 1712 2771 amor
1751 2712 1942 2771 nescit
1984 2711 2203 2773 babere
2244 2713 2469 2774 fidem:

974 2808 1118 2870 Solo
1158 2819 1441 2870 contenta
1479 2810 1729 2869 moritur
1776 2827 1941 2869 nunc
1978 2810 2103 2871 fida
2142 2810 2384 2885 Medea,

979 2902 1270 2983 Fictaque
1310 2906 1581 2968 Crisaida
1618 2908 1840 2986 gaudet
1878 2924 2079 2968 amare
2122 2906 2297 2969 duos·

977 3005 1190 3065 Estuat
1231 3005 1292 3065 in
1332 3005 1553 3067 lumbis
1595 3006 1821 3067 incesta
1860 3006 2218 3079 Semiramis,
2262 3016 2325 3065 et
2364 3024 2527 3067 nunc

973 3102 1094 3162 Vix
1132 3104 1180 3162 si
1224 3103 1562 3165 Cassandra
1599 3115 1764 3164 mata
1802 3122 2047 3165 manere
2088 3114 2269 3183 queat
2298 3121 2313 3164 ε
2896 3125 3021 3175 ¹330

973 3201 1218 3261 Mortua
1260 3204 1582 3279 Penolope,
1627 3203 1714 3263 sic
1756 3212 1847 3263 est
1890 3203 2175 3263 Luci-ecia
2216 3203 2437 3274 Rome,

975 3298 1056 3359 Et
1094 3309 1343 3377 regnant
1383 3300 1588 3362 Circes
1627 3311 1812 3379 atque
1854 3300 2095 3378 CaJipsa
2135 3318 2323 3378 pares.

973 3396 1283 3457 Ammodo
1325 3398 1570 3471 Iustina,
1613 3399 1787 3459 luxus
1828 3414 1948 3475 que
1988 3398 2212 3475 spreuit
2252 3398 2507 3474 iniquos

974 3495 1251 3568 Transiit,
1295 3506 1355 3555 et
1395 3496 1634 3556 Thaisis
1673 3496 1743 3555 fit
1782 3496 2061 3573 resupina
2098 3496 2309 3572 magis·

1059 3592 1238 3651 Nunc
1278 3610 1448 3653 amor
1485 3604 1576 3654 est
1618 3594 1847 3655 Patidis
1887 3594 2226 3653 communis
2266 3592 2330 3651 in
2372 3592 2520 3653 orbe
2560 3592 2823 3669 quietuS,

976 3689 1060 3748 Vt
1100 3689 1231 3750 sine
1271 3708 1433 3750 nunc
1473 3690 1634 3751 bello
1675 3692 1932 3769 quisque
1975 3692 2201 3751 fruatur
2244 3708 2341 3751 eo.

977 3786 1118 3847 Non
1164 3789 1522 3864 Hymeneus
1561 3788 1624 3848 in
1665 3789 1780 3848 hiis
1820 3797 2138 3850 conseruat
2178 3798 2352 3865 pacta
2392 3787 2624 3862 diebus

975 3884 1079 3945 Set
1118 3885 1328 3947 Venus
1368 3884 1432 3944 in
1473 3885 1749 3947 thalamis
1788 3886 1985 3948 reddit
2024 3886 2260 3963 agenda
2298 3886 2459 3947 suis:

973 3983 1208 4043 Aurum
1249 3994 1580 4062 sponsatur,
1623 3984 1913 4063 vultuque
1952 3984 2173 4047 decora
2212 3994 2451 4063 paratur

815 4166 1016 4280 ”33sz
1045 4152 1186 4219 eene]
1213 4168 1336 4204 ecee
1357 4154 1448 4205 ct
1647 4171 1775 4221 1313
1815 4156 2183 4209 Mardocheum
2209 4157 2249 4208 S
2273 4156 2445 4224 (corr.)
2468 4154 2609 4208 CED
2678 4154 3023 4207 Madocheum

879 4306 1007 4369 Cap.
1029 4306 1136 4358 xxi.
1160 4306 1402 4374 Headt'ng
1426 4324 1449 4358 1
1475 4310 1646 4361 adhuc
1668 4326 1773 4365 om.
1801 4310 1892 4363 ct

884 4398 1012 4449 1334
1043 4382 1230 4449 Tnysis
1253 4386 1344 4435 CE
