<?xml version="1.0" encoding="UTF-8"?>
<!DOCTYPE html PUBLIC "-//W3C//DTD XHTML 1.0 Transitional//EN"
    "http://www.w3.org/TR/xhtml1/DTD/xhtml1-transitional.dtd">
<html xmlns="http://www.w3.org/1999/xhtml" xml:lang="en" lang="en">
 <head>
  <title>
</title>
<meta http-equiv="Content-Type" content="text/html;charset=utf-8" />
  <meta name='ocr-system' content='tesseract 3.04.00' />
  <meta name='ocr-capabilities' content='ocr_page ocr_carea ocr_par ocr_line ocrx_word'/>
</head>
<body>
  <div class='ocr_page' id='page_1' title='image "./completeworksjo01macagoog_0416.png"; bbox 0 0 3434 5142; ppageno 0'>
   <div class='ocr_carea' id='block_1_1' title="bbox 291 1014 918 2649">
    <p class='ocr_par' dir='ltr' id='par_1_1' title="bbox 291 1014 918 2649">
     <span class='ocr_line' id='line_1_1' title="bbox 356 1014 908 1077; baseline -0.013 -11"><span class='ocrx_word' id='word_1_1' title='bbox 356 1014 592 1077; x_wconf 73' lang='lat' dir='ltr'><strong>Qualiter</strong></span> <span class='ocrx_word' id='word_1_2' title='bbox 635 1028 750 1075; x_wconf 85' lang='lat' dir='ltr'>rex,</span> <span class='ocrx_word' id='word_1_3' title='bbox 803 1026 908 1061; x_wconf 87' lang='lat' dir='ltr'>om-</span> 
     </span>
     <span class='ocr_line' id='line_1_2' title="bbox 293 1076 912 1143; baseline -0.006 -13"><span class='ocrx_word' id='word_1_4' title='bbox 293 1096 388 1130; x_wconf 64' lang='lat' dir='ltr'>noe</span> <span class='ocrx_word' id='word_1_5' title='bbox 441 1093 778 1143; x_wconf 81' lang='lat' dir='ltr'>quoscunque</span> <span class='ocrx_word' id='word_1_6' title='bbox 836 1076 912 1126; x_wconf 89' lang='lat' dir='ltr'>le-</span> 
     </span>
     <span class='ocr_line' id='line_1_3' title="bbox 291 1149 911 1208; baseline -0.006 -13"><span class='ocrx_word' id='word_1_7' title='bbox 291 1149 416 1197; x_wconf 84' lang='lat' dir='ltr'>dere</span> <span class='ocrx_word' id='word_1_8' title='bbox 455 1152 634 1208; x_wconf 81' lang='lat' dir='ltr'>posset</span> <span class='ocrx_word' id='word_1_9' title='bbox 669 1158 911 1207; x_wconf 88' lang='lat' dir='ltr'>querens,</span> 
     </span>
     <span class='ocr_line' id='line_1_4' title="bbox 291 1210 910 1262; baseline -0.01 0"><span class='ocrx_word' id='word_1_10' title='bbox 291 1214 502 1262; x_wconf 84' lang='lat' dir='ltr'>tandem</span> <span class='ocrx_word' id='word_1_11' title='bbox 579 1210 910 1259; x_wconf 78' lang='lat' dir='ltr'>innocentem</span> 
     </span>
     <span class='ocr_line' id='line_1_5' title="bbox 292 1275 909 1335; baseline -0.01 -7"><span class='ocrx_word' id='word_1_12' title='bbox 292 1278 556 1328; x_wconf 88' lang='lat' dir='ltr'>dominum</span> <span class='ocrx_word' id='word_1_13' title='bbox 579 1277 644 1325; x_wconf 89' lang='lat' dir='ltr'>de</span> <span class='ocrx_word' id='word_1_14' title='bbox 662 1275 909 1335; x_wconf 81' lang='lat' dir='ltr'>Cobham‚</span> 
     </span>
     <span class='ocr_line' id='line_1_6' title="bbox 291 1339 912 1407; baseline -0.011 -13"><span class='ocrx_word' id='word_1_15' title='bbox 291 1345 379 1407; x_wconf 85' lang='lat' dir='ltr'>qui</span> <span class='ocrx_word' id='word_1_16' title='bbox 418 1358 514 1405; x_wconf 88' lang='lat' dir='ltr'>per</span> <span class='ocrx_word' id='word_1_17' title='bbox 551 1342 697 1405; x_wconf 89' lang='lat' dir='ltr'>prius</span> <span class='ocrx_word' id='word_1_18' title='bbox 734 1339 912 1390; x_wconf 86' lang='lat' dir='ltr'>seculo</span> 
     </span>
     <span class='ocr_line' id='line_1_7' title="bbox 293 1406 911 1458; baseline -0.008 0"><span class='ocrx_word' id='word_1_19' title='bbox 293 1409 608 1458; x_wconf 79' lang='lat' dir='ltr'>renuncians</span> <span class='ocrx_word' id='word_1_20' title='bbox 653 1407 706 1455; x_wconf 90' lang='lat' dir='ltr'>in</span> <span class='ocrx_word' id='word_1_21' title='bbox 755 1406 911 1455; x_wconf 87' lang='lat' dir='ltr'>domo</span> 
     </span>
     <span class='ocr_line' id='line_1_8' title="bbox 292 1472 912 1525; baseline -0.011 0"><span class='ocrx_word' id='word_1_22' title='bbox 292 1472 612 1525; x_wconf 83' lang='lat' dir='ltr'>Cartusiensi</span> <span class='ocrx_word' id='word_1_23' title='bbox 647 1478 772 1521; x_wconf 88' lang='lat' dir='ltr'>tunc</span> <span class='ocrx_word' id='word_1_24' title='bbox 803 1486 912 1519; x_wconf 87' lang='lat' dir='ltr'>mo-</span> 
     </span>
     <span class='ocr_line' id='line_1_9' title="bbox 295 1538 912 1601; baseline -0.011 -11"><span class='ocrx_word' id='word_1_25' title='bbox 295 1557 402 1591; x_wconf 86' lang='lat' dir='ltr'>ram</span> <span class='ocrx_word' id='word_1_26' title='bbox 435 1538 612 1601; x_wconf 79' lang='lat' dir='ltr'>traxit,</span> <span class='ocrx_word' id='word_1_27' title='bbox 649 1538 810 1585; x_wconf 87' lang='lat' dir='ltr'>eciam</span> <span class='ocrx_word' id='word_1_28' title='bbox 857 1538 912 1584; x_wconf 92' lang='lat' dir='ltr'>in</span> 
     </span>
     <span class='ocr_line' id='line_1_10' title="bbox 292 1602 914 1666; baseline -0.01 -11"><span class='ocrx_word' id='word_1_29' title='bbox 292 1606 538 1655; x_wconf 88' lang='lat' dir='ltr'>iudicium</span> <span class='ocrx_word' id='word_1_30' title='bbox 593 1602 914 1666; x_wconf 76' lang='lat' dir='ltr'>parliamenti</span> 
     </span>
     <span class='ocr_line' id='line_1_11' title="bbox 291 1667 918 1735; baseline -0.008 -15"><span class='ocrx_word' id='word_1_31' title='bbox 291 1672 552 1735; x_wconf 84' lang='lat' dir='ltr'>produxit.</span> <span class='ocrx_word' id='word_1_32' title='bbox 585 1668 681 1719; x_wconf 84' lang='lat' dir='ltr'>Set</span> <span class='ocrx_word' id='word_1_33' title='bbox 691 1667 788 1730; x_wconf 78' lang='lat' dir='ltr'>ille,</span> <span class='ocrx_word' id='word_1_34' title='bbox 805 1668 918 1716; x_wconf 82' lang='lat' dir='ltr'>nul-</span> 
     </span>
     <span class='ocr_line' id='line_1_12' title="bbox 295 1737 914 1787; baseline -0.006 -2"><span class='ocrx_word' id='word_1_35' title='bbox 295 1738 348 1787; x_wconf 87' lang='lat' dir='ltr'>lo</span> <span class='ocrx_word' id='word_1_36' title='bbox 407 1737 660 1786; x_wconf 85' lang='lat' dir='ltr'>minarum</span> <span class='ocrx_word' id='word_1_37' title='bbox 713 1740 914 1783; x_wconf 89' lang='lat' dir='ltr'>terrore</span> 
     </span>
     <span class='ocr_line' id='line_1_13' title="bbox 293 1800 912 1854; baseline -0.011 -1"><span class='ocrx_word' id='word_1_38' title='bbox 293 1811 384 1854; x_wconf 89' lang='lat' dir='ltr'>aut</span> <span class='ocrx_word' id='word_1_39' title='bbox 449 1800 912 1850; x_wconf 88' lang='lat' dir='ltr'>blandimentorum</span> 
     </span>
     <span class='ocr_line' id='line_1_14' title="bbox 292 1863 912 1919; baseline -0.011 0"><span class='ocrx_word' id='word_1_40' title='bbox 292 1866 662 1919; x_wconf 74' lang='lat' dir='ltr'>exhortacione</span> <span class='ocrx_word' id='word_1_41' title='bbox 744 1863 912 1913; x_wconf 88' lang='lat' dir='ltr'>locum</span> 
     </span>
     <span class='ocr_line' id='line_1_15' title="bbox 293 1931 910 1995; baseline -0.013 -11"><span class='ocrx_word' id='word_1_42' title='bbox 293 1936 504 1985; x_wconf 84' lang='lat' dir='ltr'>tiranno</span> <span class='ocrx_word' id='word_1_43' title='bbox 557 1931 800 1995; x_wconf 78' lang='lat' dir='ltr'>prebens,</span> <span class='ocrx_word' id='word_1_44' title='bbox 858 1931 910 1977; x_wconf 92' lang='lat' dir='ltr'>in</span> 
     </span>
     <span class='ocr_line' id='line_1_16' title="bbox 293 1997 914 2057; baseline -0.013 -8"><span class='ocrx_word' id='word_1_45' title='bbox 293 1999 534 2050; x_wconf 86' lang='lat' dir='ltr'>omnibus</span> <span class='ocrx_word' id='word_1_46' title='bbox 561 1997 672 2046; x_wconf 85' lang='lat' dir='ltr'>suis</span> <span class='ocrx_word' id='word_1_47' title='bbox 701 2010 914 2057; x_wconf 88' lang='lat' dir='ltr'>respon-</span> 
     </span>
     <span class='ocr_line' id='line_1_17' title="bbox 293 2060 915 2116; baseline -0.016 0"><span class='ocrx_word' id='word_1_48' title='bbox 293 2065 528 2116; x_wconf 80' lang='lat' dir='ltr'>sionibus</span> <span class='ocrx_word' id='word_1_49' title='bbox 585 2060 915 2111; x_wconf 72' lang='lat' dir='ltr'>fidelissimus</span> 
     </span>
     <span class='ocr_line' id='line_1_18' title="bbox 296 2126 915 2179; baseline -0.011 1"><span class='ocrx_word' id='word_1_50' title='bbox 296 2131 685 2179; x_wconf 83' lang='lat' dir='ltr'>inveniebatur:</span> <span class='ocrx_word' id='word_1_51' title='bbox 777 2126 915 2174; x_wconf 87' lang='lat' dir='ltr'>vnde</span> 
     </span>
     <span class='ocr_line' id='line_1_19' title="bbox 297 2191 915 2259; baseline -0.01 -14"><span class='ocrx_word' id='word_1_52' title='bbox 297 2212 393 2245; x_wconf 84' lang='lat' dir='ltr'>rex</span> <span class='ocrx_word' id='word_1_53' title='bbox 450 2194 597 2259; x_wconf 80' lang='lat' dir='ltr'>quasi</span> <span class='ocrx_word' id='word_1_54' title='bbox 651 2191 915 2251; x_wconf 80' lang='lat' dir='ltr'>confusus,</span> 
     </span>
     <span class='ocr_line' id='line_1_20' title="bbox 295 2256 914 2310; baseline -0.01 0"><span class='ocrx_word' id='word_1_55' title='bbox 295 2265 412 2310; x_wconf 86' lang='lat' dir='ltr'>eius</span> <span class='ocrx_word' id='word_1_56' title='bbox 447 2258 795 2310; x_wconf 76' lang='lat' dir='ltr'>constanciam</span> <span class='ocrx_word' id='word_1_57' title='bbox 829 2256 914 2305; x_wconf 83' lang='lat' dir='ltr'>ab·</span> 
     </span>
     <span class='ocr_line' id='line_1_21' title="bbox 297 2325 914 2388; baseline -0.008 -13"><span class='ocrx_word' id='word_1_58' title='bbox 297 2329 536 2388; x_wconf 85' lang='lat' dir='ltr'>horrens,</span> <span class='ocrx_word' id='word_1_59' title='bbox 595 2325 765 2386; x_wconf 77' lang='lat' dir='ltr'>ipsum</span> <span class='ocrx_word' id='word_1_60' title='bbox 821 2336 914 2384; x_wconf 89' lang='lat' dir='ltr'>pre</span> 
     </span>
     <span class='ocr_line' id='line_1_22' title="bbox 297 2388 915 2448; baseline -0.003 -11"><span class='ocrx_word' id='word_1_61' title='bbox 297 2390 612 2440; x_wconf 69' lang='lat' dir='ltr'>xerecundia</span> <span class='ocrx_word' id='word_1_62' title='bbox 721 2388 915 2448; x_wconf 80' lang='lat' dir='ltr'>absque</span> 
     </span>
     <span class='ocr_line' id='line_1_23' title="bbox 297 2453 914 2507; baseline -0.013 0"><span class='ocrx_word' id='word_1_63' title='bbox 297 2458 480 2507; x_wconf 83' lang='lat' dir='ltr'>mortis</span> <span class='ocrx_word' id='word_1_64' title='bbox 547 2453 808 2503; x_wconf 85' lang='lat' dir='ltr'>sententia</span> <span class='ocrx_word' id='word_1_65' title='bbox 863 2453 914 2500; x_wconf 89' lang='lat' dir='ltr'>in</span> 
     </span>
     <span class='ocr_line' id='line_1_24' title="bbox 299 2516 918 2581; baseline -0.01 -10"><span class='ocrx_word' id='word_1_66' title='bbox 299 2516 918 2581; x_wconf 80' lang='lat' dir='ltr'>exiliumlongiusabAn-</span> 
     </span>
     <span class='ocr_line' id='line_1_25' title="bbox 299 2585 720 2649; baseline -0.012 -11"><span class='ocrx_word' id='word_1_67' title='bbox 299 2589 403 2649; x_wconf 79' lang='lat' dir='ltr'>glia</span> <span class='ocrx_word' id='word_1_68' title='bbox 426 2585 720 2637; x_wconf 86' lang='lat' dir='ltr'>destinauit.</span> 
     </span>
    </p>
   </div>
   <div class='ocr_carea' id='block_1_2' title="bbox 297 2882 922 3669">
    <p class='ocr_par' dir='ltr' id='par_1_2' title="bbox 297 2882 922 3669">
     <span class='ocr_line' id='line_1_26' title="bbox 365 2882 918 2947; baseline 0 -14"><span class='ocrx_word' id='word_1_69' title='bbox 365 2882 605 2946; x_wconf 78' lang='lat' dir='ltr'>Qualiter</span> <span class='ocrx_word' id='word_1_70' title='bbox 659 2900 770 2947; x_wconf 83' lang='lat' dir='ltr'>rex,</span> <span class='ocrx_word' id='word_1_71' title='bbox 830 2886 918 2947; x_wconf 88' lang='lat' dir='ltr'>qui</span> 
     </span>
     <span class='ocr_line' id='line_1_27' title="bbox 301 2949 918 3000; baseline 0.002 -2"><span class='ocrx_word' id='word_1_72' title='bbox 301 2966 398 2999; x_wconf 89' lang='lat' dir='ltr'>nec</span> <span class='ocrx_word' id='word_1_73' title='bbox 439 2951 594 2999; x_wconf 85' lang='lat' dir='ltr'>deum</span> <span class='ocrx_word' id='word_1_74' title='bbox 635 2949 783 3000; x_wconf 86' lang='lat' dir='ltr'>timet</span> <span class='ocrx_word' id='word_1_75' title='bbox 821 2966 918 2999; x_wconf 93' lang='lat' dir='ltr'>nec</span> 
     </span>
     <span class='ocr_line' id='line_1_28' title="bbox 301 3015 920 3077; baseline -0.002 -12"><span class='ocrx_word' id='word_1_76' title='bbox 301 3015 920 3077; x_wconf 84' lang='lat' dir='ltr'>hominemveretur,con-</span> 
     </span>
     <span class='ocr_line' id='line_1_29' title="bbox 297 3082 922 3132; baseline -0.002 0"><span class='ocrx_word' id='word_1_77' title='bbox 297 3092 378 3132; x_wconf 84' lang='lat' dir='ltr'>tra</span> <span class='ocrx_word' id='word_1_78' title='bbox 435 3082 922 3132; x_wconf 77' lang='lat' dir='ltr'>reuerendissimum</span> 
     </span>
     <span class='ocr_line' id='line_1_30' title="bbox 299 3146 920 3211; baseline 0.002 -15"><span class='ocrx_word' id='word_1_79' title='bbox 299 3148 353 3196; x_wconf 91' lang='lat' dir='ltr'>in</span> <span class='ocrx_word' id='word_1_80' title='bbox 367 3146 542 3196; x_wconf 85' lang='lat' dir='ltr'>Cristo</span> <span class='ocrx_word' id='word_1_81' title='bbox 559 3155 758 3211; x_wconf 79' lang='lat' dir='ltr'>patrem</span> <span class='ocrx_word' id='word_1_82' title='bbox 781 3148 920 3196; x_wconf 88' lang='lat' dir='ltr'>Tho·</span> 
     </span>
     <span class='ocr_line' id='line_1_31' title="bbox 303 3212 920 3271; baseline 0 -10"><span class='ocrx_word' id='word_1_83' title='bbox 303 3228 435 3262; x_wconf 85' lang='lat' dir='ltr'>mam</span> <span class='ocrx_word' id='word_1_84' title='bbox 457 3212 777 3271; x_wconf 83' lang='lat' dir='ltr'>Arundellie,</span> <span class='ocrx_word' id='word_1_85' title='bbox 796 3222 920 3263; x_wconf 90' lang='lat' dir='ltr'>tunc</span> 
     </span>
     <span class='ocr_line' id='line_1_32' title="bbox 301 3278 920 3328; baseline 0.002 -1"><span class='ocrx_word' id='word_1_86' title='bbox 301 3278 920 3328; x_wconf 78' lang='lat' dir='ltr'>CantuariensemArchi-</span> 
     </span>
     <span class='ocr_line' id='line_1_33' title="bbox 301 3344 921 3406; baseline -0.002 -13"><span class='ocrx_word' id='word_1_87' title='bbox 301 3344 616 3406; x_wconf 84' lang='lat' dir='ltr'>episcopum,</span> <span class='ocrx_word' id='word_1_88' title='bbox 640 3344 760 3393; x_wconf 88' lang='lat' dir='ltr'>dum</span> <span class='ocrx_word' id='word_1_89' title='bbox 784 3344 921 3393; x_wconf 87' lang='lat' dir='ltr'>inter</span> 
     </span>
     <span class='ocr_line' id='line_1_34' title="bbox 303 3408 920 3473; baseline 0.003 -16"><span class='ocrx_word' id='word_1_90' title='bbox 303 3424 395 3457; x_wconf 81' lang='lat' dir='ltr'>eos</span> <span class='ocrx_word' id='word_1_91' title='bbox 439 3408 600 3458; x_wconf 81' lang='lat' dir='ltr'>maior</span> <span class='ocrx_word' id='word_1_92' title='bbox 643 3410 920 3473; x_wconf 87' lang='lat' dir='ltr'>putabatur</span> 
     </span>
     <span class='ocr_line' id='line_1_35' title="bbox 303 3474 920 3537; baseline 0.003 -15"><span class='ocrx_word' id='word_1_93' title='bbox 303 3474 534 3537; x_wconf 89' lang='lat' dir='ltr'>dileccio,</span> <span class='ocrx_word' id='word_1_94' title='bbox 620 3474 920 3524; x_wconf 79' lang='lat' dir='ltr'>occasiones</span> 
     </span>
     <span class='ocr_line' id='line_1_36' title="bbox 302 3538 922 3603; baseline 0.002 -15"><span class='ocrx_word' id='word_1_95' title='bbox 302 3538 922 3603; x_wconf 84' lang='lat' dir='ltr'>discordieimportabiles</span> 
     </span>
     <span class='ocr_line' id='line_1_37' title="bbox 303 3606 920 3669; baseline 0.002 -14"><span class='ocrx_word' id='word_1_96' title='bbox 303 3606 920 3669; x_wconf 77' lang='lat' dir='ltr'>ductusauariciaflngere</span> 
     </span>
    </p>
   </div>
   <div class='ocr_carea' id='block_1_3' title="bbox 237 3671 918 3721">
    <p class='ocr_par' dir='ltr' id='par_1_3' title="bbox 237 3671 918 3721">
     <span class='ocr_line' id='line_1_38' title="bbox 237 3671 918 3721; baseline 0.001 -2"><span class='ocrx_word' id='word_1_97' title='bbox 237 3702 244 3709; x_wconf 88' lang='lat'>-</span> <span class='ocrx_word' id='word_1_98' title='bbox 305 3686 410 3720; x_wconf 91' lang='lat' dir='ltr'>non</span> <span class='ocrx_word' id='word_1_99' title='bbox 465 3671 682 3721; x_wconf 85' lang='lat' dir='ltr'>erubuit.</span> <span class='ocrx_word' id='word_1_100' title='bbox 767 3671 918 3720; x_wconf 89' lang='lat' dir='ltr'>Vnde</span> 
     </span>
    </p>
   </div>
   <div class='ocr_carea' id='block_1_4' title="bbox 303 3734 924 4323">
    <p class='ocr_par' dir='ltr' id='par_1_4' title="bbox 303 3734 924 4323">
     <span class='ocr_line' id='line_1_39' title="bbox 303 3734 920 3799; baseline 0.003 -15"><span class='ocrx_word' id='word_1_101' title='bbox 303 3737 440 3785; x_wconf 86' lang='lat' dir='ltr'>idem</span> <span class='ocrx_word' id='word_1_102' title='bbox 523 3734 766 3799; x_wconf 81' lang='lat' dir='ltr'>Thomas,</span> <span class='ocrx_word' id='word_1_103' title='bbox 856 3739 920 3786; x_wconf 90' lang='lat' dir='ltr'>de</span> 
     </span>
     <span class='ocr_line' id='line_1_40' title="bbox 303 3801 920 3864; baseline 0 -13"><span class='ocrx_word' id='word_1_104' title='bbox 303 3801 713 3864; x_wconf 85' lang='lat' dir='ltr'>Archiepiscopo</span> <span class='ocrx_word' id='word_1_105' title='bbox 865 3804 920 3851; x_wconf 90' lang='lat' dir='ltr'>in</span> 
     </span>
     <span class='ocr_line' id='line_1_41' title="bbox 306 3866 921 3931; baseline -0.002 -14"><span class='ocrx_word' id='word_1_106' title='bbox 306 3882 412 3917; x_wconf 87' lang='lat' dir='ltr'>non</span> <span class='ocrx_word' id='word_1_107' title='bbox 463 3866 921 3931; x_wconf 84' lang='lat' dir='ltr'>Archiepiscopum</span> 
     </span>
     <span class='ocr_line' id='line_1_42' title="bbox 305 3932 922 3995; baseline -0.002 -13"><span class='ocrx_word' id='word_1_108' title='bbox 305 3932 473 3982; x_wconf 88' lang='lat' dir='ltr'>subito</span> <span class='ocrx_word' id='word_1_109' title='bbox 491 3939 730 3995; x_wconf 85' lang='lat' dir='ltr'>mutatus,</span> <span class='ocrx_word' id='word_1_110' title='bbox 748 3934 922 3982; x_wconf 87' lang='lat' dir='ltr'>omnia</span> 
     </span>
     <span class='ocr_line' id='line_1_43' title="bbox 304 4000 924 4061; baseline -0.002 -13"><span class='ocrx_word' id='word_1_111' title='bbox 304 4000 438 4048; x_wconf 87' lang='lat' dir='ltr'>bona</span> <span class='ocrx_word' id='word_1_112' title='bbox 467 4014 564 4047; x_wconf 85' lang='lat' dir='ltr'>sua</span> <span class='ocrx_word' id='word_1_113' title='bbox 593 4006 693 4047; x_wconf 87' lang='lat' dir='ltr'>tam</span> <span class='ocrx_word' id='word_1_114' title='bbox 727 4006 924 4061; x_wconf 82' lang='lat' dir='ltr'>tempo-</span> 
     </span>
     <span class='ocr_line' id='line_1_44' title="bbox 305 4063 922 4126; baseline 0 -13"><span class='ocrx_word' id='word_1_115' title='bbox 305 4065 432 4113; x_wconf 85' lang='lat' dir='ltr'>ralia</span> <span class='ocrx_word' id='word_1_116' title='bbox 461 4078 612 4126; x_wconf 86' lang='lat' dir='ltr'>quam</span> <span class='ocrx_word' id='word_1_117' title='bbox 635 4063 922 4126; x_wconf 80' lang='lat' dir='ltr'>spiritualia</span> 
     </span>
     <span class='ocr_line' id='line_1_45' title="bbox 306 4129 919 4191; baseline 0 -13"><span class='ocrx_word' id='word_1_118' title='bbox 306 4130 486 4178; x_wconf 83' lang='lat' dir='ltr'>dolosa</span> <span class='ocrx_word' id='word_1_119' title='bbox 528 4129 666 4191; x_wconf 79' lang='lat' dir='ltr'>regis</span> <span class='ocrx_word' id='word_1_120' title='bbox 709 4129 919 4178; x_wconf 88' lang='lat' dir='ltr'>circum-</span> 
     </span>
     <span class='ocr_line' id='line_1_46' title="bbox 303 4194 921 4256; baseline 0 -13"><span class='ocrx_word' id='word_1_121' title='bbox 303 4195 559 4245; x_wconf 77' lang='lat' dir='ltr'>vencione</span> <span class='ocrx_word' id='word_1_122' title='bbox 715 4194 921 4256; x_wconf 88' lang='lat' dir='ltr'>penitus</span> 
     </span>
     <span class='ocr_line' id='line_1_47' title="bbox 305 4259 921 4323; baseline 0 -13"><span class='ocrx_word' id='word_1_123' title='bbox 305 4262 478 4311; x_wconf 84' lang='lat' dir='ltr'>amisit</span> <span class='ocrx_word' id='word_1_124' title='bbox 497 4276 512 4321; x_wconf 87' lang='lat'>;</span> <span class='ocrx_word' id='word_1_125' title='bbox 647 4259 921 4323; x_wconf 86' lang='lat' dir='ltr'>expulsus·</span> 
     </span>
    </p>
   </div>
   <div class='ocr_carea' id='block_1_5' title="bbox 1517 443 2563 511">
    <p class='ocr_par' dir='ltr' id='par_1_5' title="bbox 1517 443 2563 511">
     <span class='ocr_line' id='line_1_48' title="bbox 1517 443 2563 511; baseline -0.002 0"><span class='ocrx_word' id='word_1_126' title='bbox 1517 443 1942 511; x_wconf 85' lang='lat' dir='ltr'>CRONICA</span> <span class='ocrx_word' id='word_1_127' title='bbox 1982 445 2563 511; x_wconf 84' lang='lat' dir='ltr'>TRIPERTITA</span> 
     </span>
    </p>
   </div>
   <div class='ocr_carea' id='block_1_6' title="bbox 1041 606 3161 4309">
    <p class='ocr_par' dir='ltr' id='par_1_6' title="bbox 1041 606 3161 4309">
     <span class='ocr_line' id='line_1_49' title="bbox 1098 606 3161 687; baseline -0.001 -16"><span class='ocrx_word' id='word_1_128' title='bbox 1098 608 1358 687; x_wconf 83' lang='lat' dir='ltr'>Tangit</span> <span class='ocrx_word' id='word_1_129' title='bbox 1399 608 1470 669; x_wconf 89' lang='lat' dir='ltr'>in</span> <span class='ocrx_word' id='word_1_130' title='bbox 1509 609 1781 682; x_wconf 88' lang='lat' dir='ltr'>ardore,</span> <span class='ocrx_word' id='word_1_131' title='bbox 1824 606 2025 669; x_wconf 86' lang='lat' dir='ltr'>subito</span> <span class='ocrx_word' id='word_1_132' title='bbox 2064 606 2217 687; x_wconf 88' lang='lat' dir='ltr'>perit</span> <span class='ocrx_word' id='word_1_133' title='bbox 2256 607 2354 668; x_wconf 90' lang='lat' dir='ltr'>ille</span> <span class='ocrx_word' id='word_1_134' title='bbox 2394 608 2619 670; x_wconf 87' lang='lat' dir='ltr'>dolore.</span> <span class='ocrx_word' id='word_1_135' title='bbox 3052 633 3161 668; x_wconf 67' lang='grc' dir='ltr'>πο</span> 
     </span>
     <span class='ocr_line' id='line_1_50' title="bbox 1101 704 2789 785; baseline -0.002 -15"><span class='ocrx_word' id='word_1_136' title='bbox 1101 710 1258 771; x_wconf 91' lang='lat' dir='ltr'>Cum</span> <span class='ocrx_word' id='word_1_137' title='bbox 1300 708 1434 785; x_wconf 89' lang='lat' dir='ltr'>plus</span> <span class='ocrx_word' id='word_1_138' title='bbox 1475 726 1748 767; x_wconf 83' lang='lat' dir='ltr'>morosus</span> <span class='ocrx_word' id='word_1_139' title='bbox 1788 706 1865 766; x_wconf 88' lang='lat' dir='ltr'>sit</span> <span class='ocrx_word' id='word_1_140' title='bbox 1906 708 2109 779; x_wconf 87' lang='lat' dir='ltr'>hom0‚</span> <span class='ocrx_word' id='word_1_141' title='bbox 2152 705 2339 784; x_wconf 86' lang='lat' dir='ltr'>magis</span> <span class='ocrx_word' id='word_1_142' title='bbox 2380 716 2473 767; x_wconf 69' lang='lat' dir='ltr'>est</span> <span class='ocrx_word' id='word_1_143' title='bbox 2513 704 2789 779; x_wconf 73' lang='lat' dir='ltr'>viciosuS,</span> 
     </span>
     <span class='ocr_line' id='line_1_51' title="bbox 1103 802 2529 885; baseline 0 -20"><span class='ocrx_word' id='word_1_144' title='bbox 1103 805 1256 885; x_wconf 87' lang='lat' dir='ltr'>Regi</span> <span class='ocrx_word' id='word_1_145' title='bbox 1296 804 1399 883; x_wconf 89' lang='lat' dir='ltr'>qui</span> <span class='ocrx_word' id='word_1_146' title='bbox 1441 804 1596 866; x_wconf 83' lang='lat' dir='ltr'>seuit</span> <span class='ocrx_word' id='word_1_147' title='bbox 1635 803 1821 883; x_wconf 66' lang='lat' dir='ltr'>pestis</span> <span class='ocrx_word' id='word_1_148' title='bbox 1859 823 1984 882; x_wconf 91' lang='lat' dir='ltr'>quo</span> <span class='ocrx_word' id='word_1_149' title='bbox 2024 802 2285 883; x_wconf 69' lang='lat' dir='ltr'>pessima</span> <span class='ocrx_word' id='word_1_150' title='bbox 2323 803 2529 865; x_wconf 87' lang='lat' dir='ltr'>creuit.</span> 
     </span>
     <span class='ocr_line' id='line_1_52' title="bbox 1181 901 2849 981; baseline 0.002 -20"><span class='ocrx_word' id='word_1_151' title='bbox 1181 906 1352 963; x_wconf 89' lang='lat' dir='ltr'>Vnus</span> <span class='ocrx_word' id='word_1_152' title='bbox 1393 914 1519 964; x_wconf 89' lang='lat' dir='ltr'>erat</span> <span class='ocrx_word' id='word_1_153' title='bbox 1559 902 1793 981; x_wconf 70' lang='lat' dir='ltr'>dignm,</span> <span class='ocrx_word' id='word_1_154' title='bbox 1835 901 2097 980; x_wconf 72' lang='lat' dir='ltr'>pedena,</span> <span class='ocrx_word' id='word_1_155' title='bbox 2140 902 2275 980; x_wconf 88' lang='lat' dir='ltr'>pius</span> <span class='ocrx_word' id='word_1_156' title='bbox 2312 913 2499 981; x_wconf 87' lang='lat' dir='ltr'>atque</span> <span class='ocrx_word' id='word_1_157' title='bbox 2538 901 2849 981; x_wconf 83' lang='lat' dir='ltr'>benignus,</span> 
     </span>
     <span class='ocr_line' id='line_1_53' title="bbox 1100 999 2615 1075; baseline 0.001 -15"><span class='ocrx_word' id='word_1_158' title='bbox 1100 1000 1396 1062; x_wconf 89' lang='lat' dir='ltr'>Prouidus</span> <span class='ocrx_word' id='word_1_159' title='bbox 1435 1010 1496 1060; x_wconf 90' lang='lat' dir='ltr'>et</span> <span class='ocrx_word' id='word_1_160' title='bbox 1535 999 1743 1075; x_wconf 79' lang='lat' dir='ltr'>iustuS,</span> <span class='ocrx_word' id='word_1_161' title='bbox 1787 1019 2023 1061; x_wconf 89' lang='lat' dir='ltr'>morum</span> <span class='ocrx_word' id='word_1_162' title='bbox 2062 1000 2279 1061; x_wconf 83' lang='lat' dir='ltr'>virtute</span> <span class='ocrx_word' id='word_1_163' title='bbox 2318 1000 2615 1074; x_wconf 85' lang='lat' dir='ltr'>robustus,</span> 
     </span>
     <span class='ocr_line' id='line_1_54' title="bbox 1103 1096 2569 1176; baseline -0.001 -18"><span class='ocrx_word' id='word_1_164' title='bbox 1103 1100 1162 1158; x_wconf 91' lang='lat' dir='ltr'>N</span> <span class='ocrx_word' id='word_1_165' title='bbox 1164 1118 1245 1157; x_wconf 92' lang='lat' dir='ltr'>on</span> <span class='ocrx_word' id='word_1_166' title='bbox 1286 1108 1412 1159; x_wconf 89' lang='lat' dir='ltr'>erat</span> <span class='ocrx_word' id='word_1_167' title='bbox 1451 1096 1706 1175; x_wconf 79' lang='lat' dir='ltr'>obliquS,</span> <span class='ocrx_word' id='word_1_168' title='bbox 1750 1096 1917 1176; x_wconf 85' lang='lat' dir='ltr'>regni</span> <span class='ocrx_word' id='word_1_169' title='bbox 1956 1110 2048 1158; x_wconf 91' lang='lat' dir='ltr'>set</span> <span class='ocrx_word' id='word_1_170' title='bbox 2088 1117 2261 1159; x_wconf 80' lang='lat' dir='ltr'>verus</span> <span class='ocrx_word' id='word_1_171' title='bbox 2300 1096 2569 1159; x_wconf 81' lang='lat' dir='ltr'>amicus:</span> 
     </span>
     <span class='ocr_line' id='line_1_55' title="bbox 1101 1194 2590 1275; baseline 0.001 -20"><span class='ocrx_word' id='word_1_172' title='bbox 1101 1198 1290 1255; x_wconf 91' lang='lat' dir='ltr'>Hunc</span> <span class='ocrx_word' id='word_1_173' title='bbox 1330 1215 1432 1255; x_wconf 86' lang='lat' dir='ltr'>rex</span> <span class='ocrx_word' id='word_1_174' title='bbox 1471 1194 1679 1270; x_wconf 85' lang='lat' dir='ltr'>odiuit,</span> <span class='ocrx_word' id='word_1_175' title='bbox 1724 1195 1787 1255; x_wconf 91' lang='lat' dir='ltr'>in</span> <span class='ocrx_word' id='word_1_176' title='bbox 1828 1215 1953 1275; x_wconf 91' lang='lat' dir='ltr'>quo</span> <span class='ocrx_word' id='word_1_177' title='bbox 1993 1196 2157 1257; x_wconf 89' lang='lat' dir='ltr'>bona</span> <span class='ocrx_word' id='word_1_178' title='bbox 2196 1195 2336 1257; x_wconf 80' lang='lat' dir='ltr'>talia</span> <span class='ocrx_word' id='word_1_179' title='bbox 2376 1194 2590 1271; x_wconf 80' lang='lat' dir='ltr'>sciuit3</span> 
     </span>
     <span class='ocr_line' id='line_1_56' title="bbox 1098 1292 2625 1368; baseline 0.001 -14"><span class='ocrx_word' id='word_1_180' title='bbox 1098 1296 1182 1354; x_wconf 89' lang='lat' dir='ltr'>Vt</span> <span class='ocrx_word' id='word_1_181' title='bbox 1221 1292 1432 1355; x_wconf 89' lang='lat' dir='ltr'>dicunt</span> <span class='ocrx_word' id='word_1_182' title='bbox 1477 1292 1664 1365; x_wconf 89' lang='lat' dir='ltr'>Mille,</span> <span class='ocrx_word' id='word_1_183' title='bbox 1709 1292 1993 1355; x_wconf 90' lang='lat' dir='ltr'>dominus</span> <span class='ocrx_word' id='word_1_184' title='bbox 2035 1293 2317 1356; x_wconf 84' lang='lat' dir='ltr'>Cobham</span> <span class='ocrx_word' id='word_1_185' title='bbox 2356 1293 2469 1355; x_wconf 86' lang='lat' dir='ltr'>fuit</span> <span class='ocrx_word' id='word_1_186' title='bbox 2508 1294 2625 1368; x_wconf 89' lang='lat' dir='ltr'>ille,</span> 
     </span>
     <span class='ocr_line' id='line_1_57' title="bbox 1101 1388 2671 1469; baseline 0 -17"><span class='ocrx_word' id='word_1_187' title='bbox 1101 1390 1360 1452; x_wconf 88' lang='lat' dir='ltr'>Cronica</span> <span class='ocrx_word' id='word_1_188' title='bbox 1397 1410 1550 1469; x_wconf 87' lang='lat' dir='ltr'>quos</span> <span class='ocrx_word' id='word_1_189' title='bbox 1591 1388 1743 1464; x_wconf 86' lang='lat' dir='ltr'>lesit,</span> <span class='ocrx_word' id='word_1_190' title='bbox 1786 1389 2005 1469; x_wconf 88' lang='lat' dir='ltr'>quibus</span> <span class='ocrx_word' id='word_1_191' title='bbox 2046 1390 2147 1451; x_wconf 91' lang='lat' dir='ltr'>ille</span> <span class='ocrx_word' id='word_1_192' title='bbox 2186 1390 2379 1453; x_wconf 88' lang='lat' dir='ltr'>fidelis</span> <span class='ocrx_word' id='word_1_193' title='bbox 2418 1390 2671 1453; x_wconf 84' lang='lat' dir='ltr'>adhesit.</span> 
     </span>
     <span class='ocr_line' id='line_1_58' title="bbox 1102 1486 2469 1567; baseline 0 -17"><span class='ocrx_word' id='word_1_194' title='bbox 1102 1487 1301 1550; x_wconf 88' lang='lat' dir='ltr'>Cristo</span> <span class='ocrx_word' id='word_1_195' title='bbox 1340 1498 1430 1548; x_wconf 91' lang='lat' dir='ltr'>set</span> <span class='ocrx_word' id='word_1_196' title='bbox 1471 1507 1607 1547; x_wconf 88' lang='lat' dir='ltr'>vere</span> <span class='ocrx_word' id='word_1_197' title='bbox 1647 1486 1835 1548; x_wconf 84' lang='lat' dir='ltr'>voluit</span> <span class='ocrx_word' id='word_1_198' title='bbox 1876 1487 2018 1565; x_wconf 87' lang='lat' dir='ltr'>quia</span> <span class='ocrx_word' id='word_1_199' title='bbox 2056 1488 2177 1549; x_wconf 84' lang='lat' dir='ltr'>fine</span> <span class='ocrx_word' id='word_1_200' title='bbox 2217 1491 2469 1567; x_wconf 84' lang='lat' dir='ltr'>plaeere,</span> 
     </span>
     <span class='ocr_line' id='line_1_59' title="bbox 1041 1571 3153 1647; baseline 0 -2"><span class='ocrx_word' id='word_1_201' title='bbox 1041 1571 1048 1579; x_wconf 68' lang='grc'><strong>’</strong></span> <span class='ocrx_word' id='word_1_202' title='bbox 1101 1584 1428 1645; x_wconf 85' lang='lat' dir='ltr'>Transtulit</span> <span class='ocrx_word' id='word_1_203' title='bbox 1467 1586 1548 1645; x_wconf 87' lang='lat' dir='ltr'>ad</span> <span class='ocrx_word' id='word_1_204' title='bbox 1589 1586 1795 1645; x_wconf 86' lang='lat' dir='ltr'>sedem</span> <span class='ocrx_word' id='word_1_205' title='bbox 1840 1604 1905 1645; x_wconf 89' lang='lat' dir='ltr'>se</span> <span class='ocrx_word' id='word_1_206' title='bbox 1946 1584 2345 1647; x_wconf 78' lang='lat' dir='ltr'>cartusiensis</span> <span class='ocrx_word' id='word_1_207' title='bbox 2380 1587 2463 1647; x_wconf 87' lang='lat' dir='ltr'>ad</span> <span class='ocrx_word' id='word_1_208' title='bbox 2503 1588 2715 1647; x_wconf 87' lang='lat' dir='ltr'>edem:</span> <span class='ocrx_word' id='word_1_209' title='bbox 3052 1611 3153 1645; x_wconf 78' lang='lat'>220</span> 
     </span>
     <span class='ocr_line' id='line_1_60' title="bbox 1106 1681 2662 1763; baseline 0 -18"><span class='ocrx_word' id='word_1_210' title='bbox 1106 1683 1205 1745; x_wconf 90' lang='lat' dir='ltr'>Sic</span> <span class='ocrx_word' id='word_1_211' title='bbox 1245 1682 1404 1761; x_wconf 91' lang='lat' dir='ltr'>cepit</span> <span class='ocrx_word' id='word_1_212' title='bbox 1445 1681 1692 1757; x_wconf 90' lang='lat' dir='ltr'>Cristus‚</span> <span class='ocrx_word' id='word_1_213' title='bbox 1737 1682 1925 1743; x_wconf 87' lang='lat' dir='ltr'>voluit</span> <span class='ocrx_word' id='word_1_214' title='bbox 1964 1703 2148 1763; x_wconf 88' lang='lat' dir='ltr'>quem</span> <span class='ocrx_word' id='word_1_215' title='bbox 2190 1686 2399 1746; x_wconf 90' lang='lat' dir='ltr'>tollere</span> <span class='ocrx_word' id='word_1_216' title='bbox 2438 1686 2617 1745; x_wconf 85' lang='lat' dir='ltr'>fiscus</span> <span class='ocrx_word' id='word_1_217' title='bbox 2641 1707 2662 1759; x_wconf 69' lang='lat'>5</span> 
     </span>
     <span class='ocr_line' id='line_1_61' title="bbox 1104 1779 2654 1859; baseline 0.001 -18"><span class='ocrx_word' id='word_1_218' title='bbox 1104 1784 1304 1859; x_wconf 86' lang='lat' dir='ltr'>Quem</span> <span class='ocrx_word' id='word_1_219' title='bbox 1347 1780 1576 1843; x_wconf 87' lang='lat' dir='ltr'>Cristus</span> <span class='ocrx_word' id='word_1_220' title='bbox 1616 1779 1804 1854; x_wconf 80' lang='lat' dir='ltr'>duxit,</span> <span class='ocrx_word' id='word_1_221' title='bbox 1850 1782 2027 1841; x_wconf 87' lang='lat' dir='ltr'>fiscus</span> <span class='ocrx_word' id='word_1_222' title='bbox 2068 1781 2199 1843; x_wconf 88' lang='lat' dir='ltr'>sine</span> <span class='ocrx_word' id='word_1_223' title='bbox 2237 1782 2367 1843; x_wconf 88' lang='lat' dir='ltr'>iure</span> <span class='ocrx_word' id='word_1_224' title='bbox 2406 1782 2654 1844; x_wconf 83' lang='lat' dir='ltr'>reduxit.</span> 
     </span>
     <span class='ocr_line' id='line_1_62' title="bbox 1103 1878 2840 1952; baseline 0.001 -13"><span class='ocrx_word' id='word_1_225' title='bbox 1103 1882 1235 1939; x_wconf 88' lang='lat' dir='ltr'>Rex</span> <span class='ocrx_word' id='word_1_226' title='bbox 1275 1882 1469 1940; x_wconf 86' lang='lat' dir='ltr'>scelus</span> <span class='ocrx_word' id='word_1_227' title='bbox 1508 1888 1769 1952; x_wconf 84' lang='lat' dir='ltr'>accusat,</span> <span class='ocrx_word' id='word_1_228' title='bbox 1814 1878 2095 1940; x_wconf 85' lang='lat' dir='ltr'>Cobham</span> <span class='ocrx_word' id='word_1_229' title='bbox 2134 1880 2329 1941; x_wconf 84' lang='lat' dir='ltr'>seclus</span> <span class='ocrx_word' id='word_1_230' title='bbox 2370 1899 2553 1943; x_wconf 87' lang='lat' dir='ltr'>omne</span> <span class='ocrx_word' id='word_1_231' title='bbox 2593 1891 2840 1952; x_wconf 83' lang='lat' dir='ltr'>recusat,</span> 
     </span>
     <span class='ocr_line' id='line_1_63' title="bbox 1104 1975 2741 2055; baseline -0.001 -16"><span class='ocrx_word' id='word_1_232' title='bbox 1104 1976 1441 2039; x_wconf 86' lang='lat' dir='ltr'>Iustificans</span> <span class='ocrx_word' id='word_1_233' title='bbox 1481 1978 1706 2037; x_wconf 76' lang='lat' dir='ltr'>factum</span> <span class='ocrx_word' id='word_1_234' title='bbox 1731 1999 1750 2052; x_wconf 81' lang='lat'>3</span> <span class='ocrx_word' id='word_1_235' title='bbox 1804 1975 1889 2039; x_wconf 91' lang='lat' dir='ltr'>sic</span> <span class='ocrx_word' id='word_1_236' title='bbox 1930 1997 2023 2039; x_wconf 82' lang='lat' dir='ltr'>res</span> <span class='ocrx_word' id='word_1_237' title='bbox 2064 1977 2355 2055; x_wconf 70' lang='lat' dir='ltr'>processit</span> <span class='ocrx_word' id='word_1_238' title='bbox 2392 1977 2459 2037; x_wconf 91' lang='lat' dir='ltr'>in</span> <span class='ocrx_word' id='word_1_239' title='bbox 2496 1988 2699 2039; x_wconf 87' lang='lat' dir='ltr'>actum</span> <span class='ocrx_word' id='word_1_240' title='bbox 2726 2000 2741 2038; x_wconf 72' lang='grc' dir='ltr'><strong><em>ε</em></strong></span> 
     </span>
     <span class='ocr_line' id='line_1_64' title="bbox 1104 2074 2926 2155; baseline 0.001 -20"><span class='ocrx_word' id='word_1_241' title='bbox 1104 2078 1242 2152; x_wconf 92' lang='lat' dir='ltr'>Que</span> <span class='ocrx_word' id='word_1_242' title='bbox 1283 2074 1438 2153; x_wconf 86' lang='lat' dir='ltr'>sapit</span> <span class='ocrx_word' id='word_1_243' title='bbox 1477 2077 1592 2136; x_wconf 90' lang='lat' dir='ltr'>hec</span> <span class='ocrx_word' id='word_1_244' title='bbox 1631 2074 1911 2154; x_wconf 88' lang='lat' dir='ltr'>loquitur,</span> <span class='ocrx_word' id='word_1_245' title='bbox 1955 2095 2071 2136; x_wconf 91' lang='lat' dir='ltr'>nec</span> <span class='ocrx_word' id='word_1_246' title='bbox 2110 2074 2174 2135; x_wconf 86' lang='lat' dir='ltr'>in</span> <span class='ocrx_word' id='word_1_247' title='bbox 2216 2076 2335 2137; x_wconf 89' lang='lat' dir='ltr'>hoc</span> <span class='ocrx_word' id='word_1_248' title='bbox 2376 2096 2583 2137; x_wconf 83' lang='lat' dir='ltr'>vecors</span> <span class='ocrx_word' id='word_1_249' title='bbox 2624 2076 2926 2155; x_wconf 86' lang='lat' dir='ltr'>reperitur,</span> 
     </span>
     <span class='ocr_line' id='line_1_65' title="bbox 1107 2173 2785 2253; baseline 0.001 -20"><span class='ocrx_word' id='word_1_250' title='bbox 1107 2176 1306 2233; x_wconf 88' lang='lat' dir='ltr'>Immo</span> <span class='ocrx_word' id='word_1_251' title='bbox 1346 2174 1514 2251; x_wconf 91' lang='lat' dir='ltr'>quod</span> <span class='ocrx_word' id='word_1_252' title='bbox 1554 2184 1646 2234; x_wconf 89' lang='lat' dir='ltr'>est</span> <span class='ocrx_word' id='word_1_253' title='bbox 1685 2184 1917 2237; x_wconf 82' lang='lat' dir='ltr'>certum</span> <span class='ocrx_word' id='word_1_254' title='bbox 1956 2173 2079 2251; x_wconf 85' lang='lat' dir='ltr'>regi</span> <span class='ocrx_word' id='word_1_255' title='bbox 2120 2174 2458 2236; x_wconf 69' lang='lat' dir='ltr'>manifestat</span> <span class='ocrx_word' id='word_1_256' title='bbox 2496 2186 2785 2253; x_wconf 86' lang='lat' dir='ltr'>apertum.</span> 
     </span>
     <span class='ocr_line' id='line_1_66' title="bbox 1104 2270 2767 2349; baseline 0.001 -18"><span class='ocrx_word' id='word_1_257' title='bbox 1104 2271 1219 2345; x_wconf 91' lang='lat' dir='ltr'>Sic,</span> <span class='ocrx_word' id='word_1_258' title='bbox 1262 2270 1406 2349; x_wconf 83' lang='lat' dir='ltr'>quia</span> <span class='ocrx_word' id='word_1_259' title='bbox 1443 2270 1739 2333; x_wconf 85' lang='lat' dir='ltr'>veridicus</span> <span class='ocrx_word' id='word_1_260' title='bbox 1780 2270 1967 2332; x_wconf 88' lang='lat' dir='ltr'>tribus</span> <span class='ocrx_word' id='word_1_261' title='bbox 2008 2281 2099 2333; x_wconf 86' lang='lat' dir='ltr'>est</span> <span class='ocrx_word' id='word_1_262' title='bbox 2138 2282 2482 2333; x_wconf 79' lang='lat' dir='ltr'>constanter</span> <span class='ocrx_word' id='word_1_263' title='bbox 2520 2272 2767 2347; x_wconf 83' lang='lat' dir='ltr'>amicus,</span> 
     </span>
     <span class='ocr_line' id='line_1_67' title="bbox 1105 2368 2782 2447; baseline 0.002 -19"><span class='ocrx_word' id='word_1_264' title='bbox 1105 2370 1236 2429; x_wconf 88' lang='lat' dir='ltr'>Rex</span> <span class='ocrx_word' id='word_1_265' title='bbox 1275 2368 1748 2447; x_wconf 87' lang='lat' dir='ltr'>condempnauit</span> <span class='ocrx_word' id='word_1_266' title='bbox 1787 2368 2083 2443; x_wconf 84' lang='lat' dir='ltr'>Cobham,</span> <span class='ocrx_word' id='word_1_267' title='bbox 2128 2380 2219 2430; x_wconf 87' lang='lat' dir='ltr'>set</span> <span class='ocrx_word' id='word_1_268' title='bbox 2256 2388 2385 2430; x_wconf 89' lang='lat' dir='ltr'>non</span> <span class='ocrx_word' id='word_1_269' title='bbox 2420 2370 2782 2431; x_wconf 83' lang='lat' dir='ltr'>maculauit:</span> 
     </span>
     <span class='ocr_line' id='line_1_68' title="bbox 1105 2465 2577 2547; baseline 0.002 -21"><span class='ocrx_word' id='word_1_270' title='bbox 1105 2466 1206 2526; x_wconf 91' lang='lat' dir='ltr'>Sic</span> <span class='ocrx_word' id='word_1_271' title='bbox 1246 2485 1372 2527; x_wconf 87' lang='lat' dir='ltr'>non</span> <span class='ocrx_word' id='word_1_272' title='bbox 1409 2466 1725 2547; x_wconf 69' lang='lat' dir='ltr'>conuictus</span> <span class='ocrx_word' id='word_1_273' title='bbox 1764 2465 1945 2544; x_wconf 84' lang='lat' dir='ltr'>gladii</span> <span class='ocrx_word' id='word_1_274' title='bbox 1986 2484 2113 2526; x_wconf 91' lang='lat' dir='ltr'>non</span> <span class='ocrx_word' id='word_1_275' title='bbox 2154 2466 2367 2528; x_wconf 86' lang='lat' dir='ltr'>senciit</span> <span class='ocrx_word' id='word_1_276' title='bbox 2408 2466 2577 2542; x_wconf 90' lang='lat' dir='ltr'>ictus,</span> 
     </span>
     <span class='ocr_line' id='line_1_69' title="bbox 1108 2560 3151 2639; baseline 0 -16"><span class='ocrx_word' id='word_1_277' title='bbox 1108 2562 1284 2624; x_wconf 84' lang='lat' dir='ltr'>Exilii</span> <span class='ocrx_word' id='word_1_278' title='bbox 1325 2566 1451 2627; x_wconf 87' lang='lat' dir='ltr'>lora</span> <span class='ocrx_word' id='word_1_279' title='bbox 1491 2563 1672 2624; x_wconf 91' lang='lat' dir='ltr'>subiit</span> <span class='ocrx_word' id='word_1_280' title='bbox 1711 2560 1915 2625; x_wconf 81' lang='lat' dir='ltr'>tamen</span> <span class='ocrx_word' id='word_1_281' title='bbox 1956 2564 2261 2627; x_wconf 80' lang='lat' dir='ltr'>exteriora.</span> <span class='ocrx_word' id='word_1_282' title='bbox 3052 2590 3151 2639; x_wconf 72' lang='lat'>230</span> 
     </span>
     <span class='ocr_line' id='line_1_70' title="bbox 1111 2661 2831 2739; baseline 0.003 -18"><span class='ocrx_word' id='word_1_283' title='bbox 1111 2661 1278 2721; x_wconf 90' lang='lat' dir='ltr'>Hinc</span> <span class='ocrx_word' id='word_1_284' title='bbox 1319 2680 1464 2739; x_wconf 87' lang='lat' dir='ltr'>rogo</span> <span class='ocrx_word' id='word_1_285' title='bbox 1505 2662 1672 2739; x_wconf 91' lang='lat' dir='ltr'>quod</span> <span class='ocrx_word' id='word_1_286' title='bbox 1711 2681 1896 2739; x_wconf 89' lang='lat' dir='ltr'>purus</span> <span class='ocrx_word' id='word_1_287' title='bbox 1937 2664 2141 2725; x_wconf 82' lang='lat' dir='ltr'>redeat</span> <span class='ocrx_word' id='word_1_288' title='bbox 2180 2683 2323 2724; x_wconf 86' lang='lat' dir='ltr'>cum</span> <span class='ocrx_word' id='word_1_289' title='bbox 2363 2665 2543 2725; x_wconf 82' lang='lat' dir='ltr'>laude</span> <span class='ocrx_word' id='word_1_290' title='bbox 2580 2664 2831 2737; x_wconf 73' lang='lat' dir='ltr'>sununs,</span> 
     </span>
     <span class='ocr_line' id='line_1_71' title="bbox 1109 2758 2800 2847; baseline 0.004 -29"><span class='ocrx_word' id='word_1_291' title='bbox 1109 2762 1192 2819; x_wconf 89' lang='lat' dir='ltr'>Vt</span> <span class='ocrx_word' id='word_1_292' title='bbox 1231 2758 1318 2819; x_wconf 86' lang='lat' dir='ltr'>sic</span> <span class='ocrx_word' id='word_1_293' title='bbox 1357 2758 1518 2821; x_wconf 83' lang='lat' dir='ltr'>felici</span> <span class='ocrx_word' id='word_1_294' title='bbox 1555 2758 1749 2819; x_wconf 90' lang='lat' dir='ltr'>reditu</span> <span class='ocrx_word' id='word_1_295' title='bbox 1790 2761 2047 2821; x_wconf 88' lang='lat' dir='ltr'>letentur</span> <span class='ocrx_word' id='word_1_296' title='bbox 2084 2760 2279 2822; x_wconf 83' lang='lat' dir='ltr'>amici.</span> <span class='ocrx_word' id='word_1_297' title='bbox 2784 2833 2800 2847; x_wconf 61' lang='lat'>,</span> 
     </span>
     <span class='ocr_line' id='line_1_72' title="bbox 1193 2858 3107 2935; baseline 0.002 -19"><span class='ocrx_word' id='word_1_298' title='bbox 1193 2858 1374 2917; x_wconf 85' lang='lat' dir='ltr'>Heu!</span> <span class='ocrx_word' id='word_1_299' title='bbox 1431 2876 1566 2917; x_wconf 88' lang='lat' dir='ltr'>mea</span> <span class='ocrx_word' id='word_1_300' title='bbox 1605 2876 1807 2935; x_wconf 86' lang='lat' dir='ltr'>penna</span> <span class='ocrx_word' id='word_1_301' title='bbox 1848 2860 2049 2919; x_wconf 89' lang='lat' dir='ltr'>madet</span> <span class='ocrx_word' id='word_1_302' title='bbox 2089 2858 2363 2933; x_wconf 84' lang='lat' dir='ltr'>lacrimis,</span> <span class='ocrx_word' id='word_1_303' title='bbox 2406 2861 2557 2921; x_wconf 88' lang='lat' dir='ltr'>dum</span> <span class='ocrx_word' id='word_1_304' title='bbox 2596 2858 2853 2921; x_wconf 87' lang='lat' dir='ltr'>scribere</span> <span class='ocrx_word' id='word_1_305' title='bbox 2893 2860 3107 2921; x_wconf 83' lang='lat' dir='ltr'>suadet</span> 
     </span>
     <span class='ocr_line' id='line_1_73' title="bbox 1111 2954 2545 3034; baseline 0.003 -19"><span class='ocrx_word' id='word_1_306' title='bbox 1111 2956 1486 3016; x_wconf 84' lang='lat' dir='ltr'>Infortunata</span> <span class='ocrx_word' id='word_1_307' title='bbox 1523 2954 1761 3017; x_wconf 87' lang='lat' dir='ltr'>sceleris</span> <span class='ocrx_word' id='word_1_308' title='bbox 1798 2954 2020 3034; x_wconf 88' lang='lat' dir='ltr'>quibus</span> <span class='ocrx_word' id='word_1_309' title='bbox 2060 2958 2274 3019; x_wconf 89' lang='lat' dir='ltr'>horreo</span> <span class='ocrx_word' id='word_1_310' title='bbox 2312 2959 2449 3018; x_wconf 84' lang='lat' dir='ltr'>fata.</span> <span class='ocrx_word' id='word_1_311' title='bbox 2526 3002 2545 3011; x_wconf 86' lang='lat'>-</span> 
     </span>
     <span class='ocr_line' id='line_1_74' title="bbox 1109 3052 2671 3133; baseline 0.001 -19"><span class='ocrx_word' id='word_1_312' title='bbox 1109 3055 1168 3114; x_wconf 92' lang='lat' dir='ltr'>N</span> <span class='ocrx_word' id='word_1_313' title='bbox 1173 3074 1253 3113; x_wconf 91' lang='lat' dir='ltr'>on</span> <span class='ocrx_word' id='word_1_314' title='bbox 1295 3053 1436 3115; x_wconf 86' lang='lat' dir='ltr'>satis</span> <span class='ocrx_word' id='word_1_315' title='bbox 1478 3064 1569 3115; x_wconf 88' lang='lat' dir='ltr'>est</span> <span class='ocrx_word' id='word_1_316' title='bbox 1609 3073 1809 3132; x_wconf 87' lang='lat' dir='ltr'>regem</span> <span class='ocrx_word' id='word_1_317' title='bbox 1850 3052 2063 3115; x_wconf 89' lang='lat' dir='ltr'>mundi</span> <span class='ocrx_word' id='word_1_318' title='bbox 2104 3056 2423 3117; x_wconf 85' lang='lat' dir='ltr'>deflectere</span> <span class='ocrx_word' id='word_1_319' title='bbox 2462 3058 2671 3133; x_wconf 87' lang='lat' dir='ltr'>legem,</span> 
     </span>
     <span class='ocr_line' id='line_1_75' title="bbox 1112 3151 2712 3231; baseline 0.002 -21"><span class='ocrx_word' id='word_1_320' title='bbox 1112 3154 1196 3212; x_wconf 91' lang='lat' dir='ltr'>Vt</span> <span class='ocrx_word' id='word_1_321' title='bbox 1236 3162 1482 3230; x_wconf 67' lang='lat' dir='ltr'>pereant</span> <span class='ocrx_word' id='word_1_322' title='bbox 1521 3164 1729 3230; x_wconf 87' lang='lat' dir='ltr'>gentes</span> <span class='ocrx_word' id='word_1_323' title='bbox 1770 3154 1883 3214; x_wconf 89' lang='lat' dir='ltr'>sub</span> <span class='ocrx_word' id='word_1_324' title='bbox 1924 3172 2001 3214; x_wconf 91' lang='lat' dir='ltr'>eo</span> <span class='ocrx_word' id='word_1_325' title='bbox 2042 3151 2173 3214; x_wconf 87' lang='lat' dir='ltr'>sine</span> <span class='ocrx_word' id='word_1_326' title='bbox 2212 3154 2343 3231; x_wconf 86' lang='lat' dir='ltr'>lege</span> <span class='ocrx_word' id='word_1_327' title='bbox 2382 3166 2712 3228; x_wconf 86' lang='lat' dir='ltr'>manentes,</span> 
     </span>
     <span class='ocr_line' id='line_1_76' title="bbox 1107 3249 2805 3331; baseline 0.001 -22"><span class='ocrx_word' id='word_1_328' title='bbox 1107 3251 1210 3310; x_wconf 88' lang='lat' dir='ltr'>Set</span> <span class='ocrx_word' id='word_1_329' title='bbox 1251 3249 1438 3328; x_wconf 87' lang='lat' dir='ltr'>magis</span> <span class='ocrx_word' id='word_1_330' title='bbox 1477 3250 1542 3311; x_wconf 90' lang='lat' dir='ltr'>in</span> <span class='ocrx_word' id='word_1_331' title='bbox 1584 3250 1847 3313; x_wconf 87' lang='lat' dir='ltr'>Cristum</span> <span class='ocrx_word' id='word_1_332' title='bbox 1891 3251 2061 3325; x_wconf 86' lang='lat' dir='ltr'>seuit,</span> <span class='ocrx_word' id='word_1_333' title='bbox 2104 3262 2468 3331; x_wconf 86' lang='lat' dir='ltr'>quapropter</span> <span class='ocrx_word' id='word_1_334' title='bbox 2504 3254 2587 3314; x_wconf 85' lang='lat' dir='ltr'>ad</span> <span class='ocrx_word' id='word_1_335' title='bbox 2626 3251 2805 3312; x_wconf 85' lang='lat' dir='ltr'>istum</span> 
     </span>
     <span class='ocr_line' id='line_1_77' title="bbox 1107 3348 2851 3411; baseline 0.001 -3"><span class='ocrx_word' id='word_1_336' title='bbox 1107 3348 1332 3408; x_wconf 87' lang='lat' dir='ltr'>Casum</span> <span class='ocrx_word' id='word_1_337' title='bbox 1373 3348 1723 3409; x_wconf 86' lang='lat' dir='ltr'>deflendum</span> <span class='ocrx_word' id='word_1_338' title='bbox 1763 3367 1888 3409; x_wconf 90' lang='lat' dir='ltr'>non</span> <span class='ocrx_word' id='word_1_339' title='bbox 1930 3360 2021 3411; x_wconf 87' lang='lat' dir='ltr'>est</span> <span class='ocrx_word' id='word_1_340' title='bbox 2064 3348 2245 3410; x_wconf 89' lang='lat' dir='ltr'>michi</span> <span class='ocrx_word' id='word_1_341' title='bbox 2286 3352 2471 3411; x_wconf 90' lang='lat' dir='ltr'>credo</span> <span class='ocrx_word' id='word_1_342' title='bbox 2510 3350 2851 3411; x_wconf 83' lang='lat' dir='ltr'>tacendum.</span> 
     </span>
     <span class='ocr_line' id='line_1_78' title="bbox 1105 3444 2653 3527; baseline 0.004 -25"><span class='ocrx_word' id='word_1_343' title='bbox 1105 3446 1437 3521; x_wconf 88' lang='lat' dir='ltr'>Anglorum</span> <span class='ocrx_word' id='word_1_344' title='bbox 1482 3444 1725 3519; x_wconf 87' lang='lat' dir='ltr'>Primas,</span> <span class='ocrx_word' id='word_1_345' title='bbox 1768 3464 2091 3525; x_wconf 89' lang='lat' dir='ltr'>suppremo</span> <span class='ocrx_word' id='word_1_346' title='bbox 2130 3447 2393 3507; x_wconf 87' lang='lat' dir='ltr'>culmine</span> <span class='ocrx_word' id='word_1_347' title='bbox 2432 3447 2653 3527; x_wconf 84' lang='lat' dir='ltr'>primas</span> 
     </span>
     <span class='ocr_line' id='line_1_79' title="bbox 1109 3541 3151 3623; baseline 0.002 -22"><span class='ocrx_word' id='word_1_348' title='bbox 1109 3541 1232 3618; x_wconf 86' lang='lat' dir='ltr'>Qui</span> <span class='ocrx_word' id='word_1_349' title='bbox 1272 3541 1463 3602; x_wconf 91' lang='lat' dir='ltr'>tenuit</span> <span class='ocrx_word' id='word_1_350' title='bbox 1501 3544 1692 3616; x_wconf 79' lang='lat' dir='ltr'>sedeS,</span> <span class='ocrx_word' id='word_1_351' title='bbox 1738 3543 1949 3605; x_wconf 86' lang='lat' dir='ltr'>melius</span> <span class='ocrx_word' id='word_1_352' title='bbox 1989 3546 2137 3606; x_wconf 90' lang='lat' dir='ltr'>dum</span> <span class='ocrx_word' id='word_1_353' title='bbox 2178 3556 2377 3623; x_wconf 86' lang='lat' dir='ltr'>sperat</span> <span class='ocrx_word' id='word_1_354' title='bbox 2415 3544 2479 3605; x_wconf 92' lang='lat' dir='ltr'>in</span> <span class='ocrx_word' id='word_1_355' title='bbox 2519 3546 2680 3619; x_wconf 76' lang='lat' dir='ltr'>edeS,</span> <span class='ocrx_word' id='word_1_356' title='bbox 3051 3570 3151 3621; x_wconf 76' lang='lat'>240</span> 
     </span>
     <span class='ocr_line' id='line_1_80' title="bbox 1111 3640 2781 3722; baseline 0.004 -23"><span class='ocrx_word' id='word_1_357' title='bbox 1111 3642 1297 3699; x_wconf 87' lang='lat' dir='ltr'>Hunc</span> <span class='ocrx_word' id='word_1_358' title='bbox 1338 3659 1440 3701; x_wconf 80' lang='lat' dir='ltr'>rex</span> <span class='ocrx_word' id='word_1_359' title='bbox 1477 3640 1785 3719; x_wconf 89' lang='lat' dir='ltr'>compellit</span> <span class='ocrx_word' id='word_1_360' title='bbox 1823 3652 1885 3703; x_wconf 89' lang='lat' dir='ltr'>et</span> <span class='ocrx_word' id='word_1_361' title='bbox 1925 3662 2063 3704; x_wconf 88' lang='lat' dir='ltr'>eum</span> <span class='ocrx_word' id='word_1_362' title='bbox 2106 3644 2185 3705; x_wconf 88' lang='lat' dir='ltr'>de</span> <span class='ocrx_word' id='word_1_363' title='bbox 2224 3645 2385 3706; x_wconf 88' lang='lat' dir='ltr'>Sede</span> <span class='ocrx_word' id='word_1_364' title='bbox 2422 3642 2669 3722; x_wconf 86' lang='lat' dir='ltr'>repellit,</span> <span class='ocrx_word' id='word_1_365' title='bbox 2772 3666 2781 3673; x_wconf 94' lang='lat'><em>·</em></span> 
     </span>
     <span class='ocr_line' id='line_1_81' title="bbox 1111 3736 2683 3819; baseline 0.001 -22"><span class='ocrx_word' id='word_1_366' title='bbox 1111 3739 1282 3811; x_wconf 45' lang='lat' dir='ltr'>Dum,</span> <span class='ocrx_word' id='word_1_367' title='bbox 1316 3736 1526 3798; x_wconf 88' lang='lat' dir='ltr'>Simon</span> <span class='ocrx_word' id='word_1_368' title='bbox 1567 3740 1767 3799; x_wconf 87' lang='lat' dir='ltr'>Rome</span> <span class='ocrx_word' id='word_1_369' title='bbox 1808 3742 2147 3819; x_wconf 83' lang='lat' dir='ltr'>supplantat</span> <span class='ocrx_word' id='word_1_370' title='bbox 2187 3742 2389 3803; x_wconf 88' lang='lat' dir='ltr'>federa</span> <span class='ocrx_word' id='word_1_371' title='bbox 2426 3743 2683 3803; x_wconf 75' lang='lat' dir='ltr'>Thome.</span> 
     </span>
     <span class='ocr_line' id='line_1_82' title="bbox 1111 3834 2591 3913; baseline 0.005 -19"><span class='ocrx_word' id='word_1_372' title='bbox 1111 3834 1234 3895; x_wconf 91' lang='lat' dir='ltr'>Hic</span> <span class='ocrx_word' id='word_1_373' title='bbox 1275 3836 1544 3895; x_wconf 84' lang='lat' dir='ltr'>Thomas</span> <span class='ocrx_word' id='word_1_374' title='bbox 1583 3847 1759 3897; x_wconf 87' lang='lat' dir='ltr'>natus</span> <span class='ocrx_word' id='word_1_375' title='bbox 1800 3836 2055 3900; x_wconf 86' lang='lat' dir='ltr'>Comitis</span> <span class='ocrx_word' id='word_1_376' title='bbox 2094 3839 2205 3900; x_wconf 85' lang='lat' dir='ltr'>fuit</span> <span class='ocrx_word' id='word_1_377' title='bbox 2242 3838 2591 3913; x_wconf 52' lang='lat' dir='ltr'>intitulatus</span> 
     </span>
     <span class='ocr_line' id='line_1_83' title="bbox 1109 3931 2496 4012; baseline 0.003 -17"><span class='ocrx_word' id='word_1_378' title='bbox 1109 3931 1376 3995; x_wconf 87' lang='lat' dir='ltr'>Clericus</span> <span class='ocrx_word' id='word_1_379' title='bbox 1414 3944 1668 4012; x_wconf 62' lang='lat' dir='ltr'>aptatur»,</span> <span class='ocrx_word' id='word_1_380' title='bbox 1709 3936 1925 3997; x_wconf 87' lang='lat' dir='ltr'>doctor</span> <span class='ocrx_word' id='word_1_381' title='bbox 1961 3938 2043 3999; x_wconf 91' lang='lat' dir='ltr'>de</span> <span class='ocrx_word' id='word_1_382' title='bbox 2084 3936 2209 3998; x_wconf 86' lang='lat' dir='ltr'>iure</span> <span class='ocrx_word' id='word_1_383' title='bbox 2246 3948 2496 4012; x_wconf 52' lang='lat' dir='ltr'>croetua</span> 
     </span>
     <span class='ocr_line' id='line_1_84' title="bbox 1113 4030 2475 4113; baseline 0.004 -22"><span class='ocrx_word' id='word_1_384' title='bbox 1113 4030 1372 4109; x_wconf 87' lang='lat' dir='ltr'>Legibus</span> <span class='ocrx_word' id='word_1_385' title='bbox 1411 4044 1672 4107; x_wconf 86' lang='lat' dir='ltr'>ornatus,</span> <span class='ocrx_word' id='word_1_386' title='bbox 1715 4034 2027 4109; x_wconf 74' lang='lat' dir='ltr'>facunduS,</span> <span class='ocrx_word' id='word_1_387' title='bbox 2072 4034 2475 4113; x_wconf 78' lang='lat' dir='ltr'>morigeratuS,</span> 
     </span>
     <span class='ocr_line' id='line_1_85' title="bbox 1109 4128 2657 4211; baseline 0.004 -22"><span class='ocrx_word' id='word_1_388' title='bbox 1109 4128 1268 4189; x_wconf 87' lang='lat' dir='ltr'>Cum</span> <span class='ocrx_word' id='word_1_389' title='bbox 1309 4129 1508 4191; x_wconf 89' lang='lat' dir='ltr'>Cristo</span> <span class='ocrx_word' id='word_1_390' title='bbox 1547 4142 1747 4209; x_wconf 87' lang='lat' dir='ltr'>gratus</span> <span class='ocrx_word' id='word_1_391' title='bbox 1788 4130 1852 4191; x_wconf 88' lang='lat' dir='ltr'>in</span> <span class='ocrx_word' id='word_1_392' title='bbox 1892 4132 2189 4211; x_wconf 88' lang='lat' dir='ltr'>plebeque</span> <span class='ocrx_word' id='word_1_393' title='bbox 2231 4132 2657 4211; x_wconf 82' lang='lat' dir='ltr'>magnificatus.</span> 
     </span>
     <span class='ocr_line' id='line_1_86' title="bbox 1112 4226 2623 4309; baseline 0.005 -23"><span class='ocrx_word' id='word_1_394' title='bbox 1112 4226 1169 4286; x_wconf 94' lang='grc' dir='ltr'>Ο</span> <span class='ocrx_word' id='word_1_395' title='bbox 1211 4246 1392 4303; x_wconf 85' lang='lat' dir='ltr'>quam</span> <span class='ocrx_word' id='word_1_396' title='bbox 1434 4231 1712 4306; x_wconf 85' lang='lat' dir='ltr'>prelatus·</span> <span class='ocrx_word' id='word_1_397' title='bbox 1736 4240 1858 4291; x_wconf 80' lang='lat' dir='ltr'>tam</span> <span class='ocrx_word' id='word_1_398' title='bbox 1899 4250 2083 4309; x_wconf 85' lang='lat' dir='ltr'>purus</span> <span class='ocrx_word' id='word_1_399' title='bbox 2124 4241 2185 4292; x_wconf 89' lang='lat' dir='ltr'>et</span> <span class='ocrx_word' id='word_1_400' title='bbox 2226 4230 2623 4293; x_wconf 78' lang='lat' dir='ltr'>inmaculatus</span> 
     </span>
    </p>
   </div>
   <div class='ocr_carea' id='block_1_7' title="bbox 1014 1955 1036 1997">
    <p class='ocr_par' dir='ltr' id='par_1_7' title="bbox 1014 1955 1036 1997">
     <span class='ocr_line' id='line_1_87' title="bbox 1014 1955 1036 1997; baseline 0 0"><span class='ocrx_word' id='word_1_401' title='bbox 1014 1955 1036 1997; x_wconf 61' lang='lat' dir='ltr'>N</span> 
     </span>
    </p>
   </div>
   <div class='ocr_carea' id='block_1_8' title="bbox 955 4364 3153 4512">
    <p class='ocr_par' dir='ltr' id='par_1_8' title="bbox 955 4364 3153 4512">
     <span class='ocr_line' id='line_1_88' title="bbox 1019 4364 3153 4437; baseline 0.002 -22"><span class='ocrx_word' id='word_1_402' title='bbox 1019 4366 1118 4415; x_wconf 79' lang='lat'>218</span> <span class='ocrx_word' id='word_1_403' title='bbox 1139 4364 1262 4415; x_wconf 90' lang='lat' dir='ltr'>lecit</span> <span class='ocrx_word' id='word_1_404' title='bbox 1279 4366 1322 4417; x_wconf 89' lang='lat' dir='ltr'>C</span> <span class='ocrx_word' id='word_1_405' title='bbox 1541 4383 1636 4418; x_wconf 76' lang='lat' dir='ltr'>aar</span> <span class='ocrx_word' id='word_1_406' title='bbox 1663 4370 1801 4434; x_wconf 82' lang='lat' dir='ltr'>sepit</span> <span class='ocrx_word' id='word_1_407' title='bbox 1814 4371 1857 4419; x_wconf 92' lang='lat' dir='ltr'>C</span> <span class='ocrx_word' id='word_1_408' title='bbox 2086 4386 2185 4433; x_wconf 77' lang='lat'>229</span> <span class='ocrx_word' id='word_1_409' title='bbox 2200 4370 2317 4421; x_wconf 87' lang='lat' dir='ltr'>ictis</span> <span class='ocrx_word' id='word_1_410' title='bbox 2336 4372 2379 4421; x_wconf 90' lang='lat' dir='ltr'>C</span> <span class='ocrx_word' id='word_1_411' title='bbox 2628 4373 2729 4436; x_wconf 77' lang='lat'>236</span> <span class='ocrx_word' id='word_1_412' title='bbox 2750 4373 2953 4437; x_wconf 72' lang='lat' dir='ltr'>per-iant</span> <span class='ocrx_word' id='word_1_413' title='bbox 2970 4372 3153 4423; x_wconf 66' lang='lat' dir='ltr'>GRH,</span> 
     </span>
     <span class='ocr_line' id='line_1_89' title="bbox 955 4443 2559 4512; baseline 0.006 -21"><span class='ocrx_word' id='word_1_414' title='bbox 955 4459 1054 4505; x_wconf 83' lang='lat'>243</span> <span class='ocrx_word' id='word_1_415' title='bbox 1074 4443 1273 4508; x_wconf 71' lang='lat' dir='ltr'>margin</span> <span class='ocrx_word' id='word_1_416' title='bbox 1297 4446 1847 4509; x_wconf 75' lang='lat' dir='ltr'>nouat-chiepiscopum</span> <span class='ocrx_word' id='word_1_417' title='bbox 1869 4448 1970 4499; x_wconf 88' lang='lat' dir='ltr'>CH</span> <span class='ocrx_word' id='word_1_418' title='bbox 2166 4464 2263 4510; x_wconf 78' lang='lat'>244</span> <span class='ocrx_word' id='word_1_419' title='bbox 2286 4456 2495 4512; x_wconf 77' lang='lat' dir='ltr'>optatus</span> <span class='ocrx_word' id='word_1_420' title='bbox 2516 4450 2559 4501; x_wconf 86' lang='lat' dir='ltr'>C</span> 
     </span>
    </p>
   </div>
   <div class='ocr_carea' id='block_1_9' title="bbox 3390 422 3402 2115">
    <p class='ocr_par' dir='ltr' id='par_1_9' title="bbox 3390 422 3402 2115">
     <span class='ocr_line' id='line_1_90' title="bbox 3390 422 3402 2115; baseline 0 0"><span class='ocrx_word' id='word_1_421' title='bbox 3390 422 3402 2115; x_wconf 95' lang='lat' dir='ltr'> </span> 
     </span>
    </p>
   </div>
   <div class='ocr_carea' id='block_1_10' title="bbox 3393 2802 3400 3819">
    <p class='ocr_par' dir='ltr' id='par_1_10' title="bbox 3393 2802 3400 3819">
     <span class='ocr_line' id='line_1_91' title="bbox 3393 2802 3400 3819; baseline 0 0"><span class='ocrx_word' id='word_1_422' title='bbox 3393 2802 3400 3819; x_wconf 95' lang='lat' dir='ltr'> </span> 
     </span>
    </p>
   </div>
  </div>
 </body>
</html>
