3434 5142
766 438 851 515 46
1466 430 1665 495 VOX
1725 428 2266 495 CLAMANTIS

931 596 1057 655 Hic
1098 596 1313 655 fractos
1352 610 1543 665 arcus,
1586 592 1684 656 hic
1725 593 1856 652 sine
1895 592 2031 652 luce
2069 590 2302 664 facem3
2877 600 2982 663 850

930 694 1175 771 Quique
1216 693 1415 753 colum
1460 691 1686 751 baiulat
1727 709 1850 751 non
1893 708 1960 750 se
2001 688 2298 765 reputauit
2339 687 2649 764 inermem,
2865 690 2870 694 ’

933 792 1167 853 Debilis
1206 800 1469 850 armatus
1510 790 1597 849 sic
1637 788 1778 849 furit
1817 788 1946 865 ipse
1987 805 2188 847 senex.
2714 792 2720 795 ’

1012 890 1369 949 Rusticitate
1409 898 1613 949 tamen
1654 886 1931 947 iuuenilis
1971 903 2126 963 quos
2168 884 2306 945 furit
2347 894 2476 945 etas

930 986 1239 1064 Quicquid
1278 986 1449 1047 adest
1488 984 1768 1046 manibus
1809 984 2107 1061 asperiora
2145 990 2396 1061 gerunt3

934 1086 1129 1160 Ascia,
1175 1085 1309 1159 falx,
1355 1085 1493 1146 fede
1531 1102 1685 1161 quos
1727 1082 1963 1146 roderat
2003 1091 2130 1142 atra
2169 1079 2405 1157 rubig0,

928 1185 1275 1257 Gestantur,
1316 1200 1435 1260 que
1476 1201 1589 1243 suo
1629 1166 1880 1258 cuspide
1921 1179 2077 1240 colla
2117 1187 2342 1243 secant.

928 1282 1130 1359 Quem
1172 1282 1384 1358 vagina
1423 1280 1569 1357 tegit
1608 1296 1816 1340 ensem
1857 1278 1954 1338 vix
1993 1276 2324 1349 dimidiata,

928 1380 1138 1439 Gestat
1178 1389 1240 1438 et
1280 1380 1572 1456 ingenuos
1614 1376 1868 1436 rusticus
1909 1373 2052 1435 inde
2091 1374 2262 1435 serit:

928 1477 1039 1536 Est
1082 1476 1164 1536 ibi
1206 1494 1396 1552 vanga
1436 1476 1575 1535 loco
1613 1472 1812 1551 gladii,
1855 1470 2106 1531 baculus
2147 1470 2312 1531 velut
2351 1470 2524 1533 hasta

927 1572 1226 1647 Vibratur,
1271 1589 1391 1650 que
1430 1572 1609 1631 simul
1646 1579 1926 1647 prompta
1965 1569 2187 1629 securis
2227 1567 2436 1631 adest:
2873 1576 2974 1628 860

928 1674 1121 1730 Arcus
1163 1669 1245 1730 ibi
1288 1670 1511 1729 multus
1551 1669 1722 1729 fumo
1763 1685 1884 1745 que
1925 1676 2083 1729 etate
2124 1674 2400 1744 retortus,

930 1769 1011 1829 Et
1050 1770 1181 1833 sine
1221 1778 1368 1827 tunc
1406 1766 1621 1844 pennis
1662 1766 1850 1825 multa
1889 1766 2102 1843 sagitta
2139 1765 2339 1825 volat:

927 1866 1191 1940 Tribula,
1235 1864 1463 1924 furcula
1502 1874 1647 1924 tunc
1688 1864 1858 1941 quasi
1899 1864 2192 1940 rumphea
2229 1862 2342 1922 rite
2379 1862 2670 1941 feruntur,

929 1964 1138 2024 Fertur
1178 1973 1237 2024 et
1277 1973 1340 2023 vt
1379 1963 1613 2040 gladius
1654 1962 1904 2022 malleus
1946 1961 2076 2038 ipse
2115 1961 2294 2021 feruS.

930 2062 1194 2135 Dixerat,
1240 2064 1257 2097 ‘
1276 2062 1402 2121 Ista
1440 2062 1660 2121 decent
1700 2060 1982 2120 humeros
2022 2058 2355 2137 gestamina
2394 2058 2666 2133 nostr08,’

928 2160 1231 2233 RusticuS,
1272 2170 1336 2219 et
1376 2159 1477 2219 tali
1520 2176 1824 2219 murmure
1862 2158 2073 2218 transit
2113 2157 2242 2217 iter.

927 2258 1027 2318 Sic
1068 2257 1284 2317 saltant
1324 2257 1573 2317 iuuenes
1616 2256 1950 2316 catulorum
1991 2272 2158 2315 more
2195 2272 2306 2333 per
2342 2272 2504 2331 arua,

930 2355 1012 2414 Et
1052 2354 1299 2417 transire
1341 2354 1492 2419 feras
1535 2355 1613 2416 de
1653 2354 1898 2418 leuitate
1941 2361 2171 2430 putant.

928 2454 1039 2513 Est
1080 2451 1163 2513 ibi
1205 2452 1394 2513 funda
1432 2472 1615 2514 manu
1655 2452 1888 2529 lapides
1929 2468 2174 2529 quoque
2213 2449 2600 2529 limpidiores,

927 2552 1107 2612 Vnde
1148 2550 1317 2615 dedit
1354 2551 1543 2611 varias
1584 2550 1838 2611 rusticus
1881 2551 2008 2627 ipse
2049 2549 2262 2619 minas,
2871 2557 2972 2623 870

930 2650 1039 2709 Hii
1080 2648 1299 2727 glebas,
1344 2649 1428 2707 hii
1471 2648 1738 2725 direptos
1779 2658 1840 2709 et
1877 2648 1958 2709 ab
1997 2646 2209 2714 arbore
2249 2664 2464 2721 ramos,

931 2750 1041 2808 Est
1081 2747 1183 2808 vbi
1226 2747 1311 2806 nil
1350 2747 1532 2820 aliud,
1576 2746 1657 2807 de
1698 2747 1928 2809 feritate
1968 2746 2200 2809 ferunt:

932 2847 1075 2906 Pars
1113 2845 1261 2922 gerit
1303 2854 1363 2904 et
1404 2844 1614 2918 silice8‚
1658 2864 1738 2906 ne
1778 2844 1977 2906 desint
2017 2845 2135 2905 tela
2175 2842 2377 2916 furori,

931 2943 1265 3019 Menteque
1306 2941 1605 3003 mortifera
1645 2942 1793 3002 dant
1833 2941 1958 3004 fera
1997 2940 2154 3001 bella
2193 2958 2336 3003 sua:

928 3040 1235 3101 Perfusam
1276 3040 1469 3099 multo
1509 3039 1850 3116 sapientum
1891 3040 2181 3116 sanguine
2220 3048 2436 3101 terram

929 3140 1075 3198 Hoc
1114 3155 1303 3214 genus
1344 3138 1631 3214 insipiens
1672 3137 2038 3199 inmaduisse
2077 3137 2293 3199 ferunt.

930 3236 1041 3295 Hii
1080 3234 1485 3313 gradibusque
1524 3236 1647 3297 suis
1688 3236 1799 3297 iter
1834 3236 2136 3313 arripuere
2173 3234 2482 3313 gradatim,

929 3334 1073 3411 Quo
1114 3333 1229 3398 sibi
1270 3352 1395 3394 non
1438 3334 1599 3395 racio
1640 3334 1795 3396 velle
1834 3345 1927 3395 set
1967 3334 2054 3395 ire
2093 3332 2276 3397 iubet.

836 3546 958 3603 Hic
1006 3548 1160 3604 dicit
1210 3548 1551 3604 secundnm
1594 3546 1911 3602 vidonem
1959 3545 2237 3614 sompnii
2281 3542 2556 3613 quanter
2601 3545 2669 3600 et
2715 3541 2969 3612 qnando

767 3636 933 3692 dicte
980 3636 1141 3691 furie
1188 3636 1539 3704 instigante
1585 3634 1858 3704 diabolo,
1898 3648 2134 3689 nouam
2175 3632 2452 3698 Troiam,
2495 3632 2557 3687 id
2608 3633 2710 3687 est
2751 3630 2967 3688 ciuita-

766 3727 895 3780 tem
954 3724 1432 3791 Londoniarum,
1496 3724 1786 3791 ingresse
1850 3725 2034 3779 sunt:
2091 3737 2242 3777 nam
2301 3721 2472 3776 aient
2521 3719 2719 3779 Troia.
2771 3733 2970 3787 nuper

766 3812 1057 3867 desolata
1080 3814 1308 3881 extitit,
1332 3814 1429 3869 ita
1444 3813 1574 3867 ista
1596 3812 1829 3867 ciuitas
1847 3814 2114 3879 protunc
2129 3810 2316 3882 quasi
2338 3808 2510 3864 omni
2523 3808 2970 3867 consolacione

765 3900 1078 3955 destituta
1101 3914 1213 3968 pre
1236 3901 1451 3956 dolore
1473 3900 1731 3969 penitus
1753 3898 2186 3969 ignominiosa
2211 3896 2583 3967 permansit.

540 4010 736 4101 Capm.
768 4021 885 4081 xiii.
1010 4022 1069 4080 A
1109 4020 1450 4098 dextrisque
1490 4040 1713 4081 nouam
1755 4039 1856 4081 me
1895 4030 2042 4081 tunc
2079 4018 2301 4081 vidisse
2339 4006 2626 4097 putabam

931 4119 1195 4193 Troiam,
1239 4136 1359 4197 que
1400 4120 1581 4180 vidue
1620 4118 1904 4197 languida
1941 4135 2113 4179 more
2154 4116 2306 4181 fuit:
2873 4124 2970 4173 880

830 4272 931 4336 855
964 4273 1173 4323 roden-at
1195 4272 1516 4323 cEHGTffl
1580 4280 1782 4323 roserat
1805 4274 1854 4321 D
2069 4272 2269 4323 rubedo
2292 4270 2342 4321 D
2561 4270 2657 4331 857
2693 4267 2733 4319 S
2756 4282 2975 4317 resumes

765 4353 867 4402 868
889 4353 956 4401 de
978 4350 1019 4402 S
1086 4366 1145 4401 se
1168 4350 1369 4401 CEHD
1564 4353 1663 4413 872
1696 4351 1768 4400 ibi
1793 4350 1887 4400 ΕΙ)

830 4430 960 4493 Cap.
981 4429 1087 4480 xiii.
1112 4428 1357 4494 Heading
1415 4444 1448 4478 2
1471 4427 1608 4479 idest
1630 4428 1737 4479 HD
1934 4444 1966 4491 4
1989 4442 2086 4492 pro
2106 4434 2228 4478 tune
2249 4426 2396 4479 (ΖΕΗ
