3434 5142
818 486 899 548 52

866 4468 989 4515 ¹071
1028 4469 1329 4518 repugnans
1352 4454 1493 4505 CED
1558 4469 1898 4518 repungnans
1921 4457 2192 4509 SHGTH·

1522 458 1721 527 VOX
1781 460 2324 529 CLAMANTIS

977 624 1240 685 Alterius
1282 623 1478 700 capite
1518 640 1669 683 sano
1709 625 1822 683 fert
1859 622 2107 683 vulnera
2146 622 2388 695 collum,

982 722 1171 783 Cuius
1214 730 1340 781 erat
1382 720 1587 783 medio
1627 722 1832 799 passio
1871 720 2028 780 facta
2068 719 2237 780 foro:
2297 722 2304 727 ’

980 817 1160 879 Miles
1200 820 1484 896 precipue
1522 836 1659 880 reus
1700 828 1794 879 est
1821 820 1884 877 in
1925 818 2216 895 sanguine
2255 819 2513 891 Thome,

980 917 1242 978 Simonis
1284 917 1474 993 inque
1515 934 1730 978 necem
1771 916 2024 977 rusticus
2063 934 2230 975 arma
2271 915 2475 977 dedit:

980 1015 1313 1075 Ecclesiam
1354 1015 1537 1077 Cristi
1575 1032 1852 1092 proceres
1892 1014 1996 1092 qui
2039 1032 2164 1074 non
2203 1014 2546 1086 timuerunt,

978 1112 1233 1172 Martirii
1276 1113 1517 1175 Thome
1554 1114 1738 1173 oeusa
1776 1114 1943 1173 suere
1983 1112 2186 1187 necis3

981 1210 1226 1271 Iusticie
1266 1211 1431 1287 regni
1473 1210 1689 1271 seruile
1725 1212 2040 1287 'genusque
2080 1228 2418 1287 repugnans

936 1369 941 1375 ,
976 1308 1241 1369 Simonis
1281 1319 1612 1369 extremum
1652 1318 1860 1368 causat
1901 1309 1964 1367 in
2005 1307 2152 1369 vrbe
2191 1308 2390 1369 diem:

979 1403 1220 1467 Corruit
1262 1406 1324 1466 in
1366 1406 1593 1483 gremio
1634 1407 1840 1467 matris
1879 1405 2166 1479 Thomas,
2213 1405 2536 1485 medioque

978 1504 1273 1565 Natorum
1316 1503 1491 1563 turba
1530 1504 1741 1565 Simon
1783 1503 1847 1563 in
1887 1522 2032 1565 ense
2072 1503 2268 1565 cadit:

975 1602 1279 1662 Thomam
1319 1620 1421 1663 rex
1462 1602 1659 1678 potuit
1700 1601 1980 1675 saluasse,
2026 1612 2118 1662 set
2157 1602 2259 1661 illa
2299 1612 2562 1679 potestas

976 1699 1239 1760 Simonis
1280 1699 1359 1760 ad
1399 1698 1585 1759 vitam
1624 1699 1784 1776 regia
1820 1716 2000 1776 posse
2039 1710 2236 1761 caret:

976 1798 1118 1857 Vlta
1158 1797 1268 1857 fuit
1307 1797 1547 1858 Thome
1586 1814 1771 1872 mors,
1810 1808 1873 1857 et
1910 1816 2076 1857 nunc
2116 1797 2272 1858 vlcio
2313 1799 2519 1858 mortis

976 1896 1237 1956 Simonis
1279 1906 1419 1955 ante
1459 1896 1615 1955 fores
1658 1894 1962 1956 cotidiana
2000 1906 2226 1973 grauat.

1058 1996 1305 2057 Fecerat
1345 1994 1599 2073 exiguas.
1626 1994 1746 2057 iam
1789 1995 1881 2054 sol
1919 1994 2241 2054 altissimus
2283 1993 2538 2067 vmbraS,

978 2092 1197 2171 Fitque
1239 2093 1339 2153 die
1381 2093 1583 2154 media
1625 2092 1914 2170 sanguine
1956 2093 2180 2152 tinctus
2221 2092 2462 2169 Ephot:

976 2191 1255 2253 Candida
1296 2192 1383 2251 sic
1422 2192 1667 2268 paciens
1708 2192 1932 2251 collum
1973 2208 2257 2268 percussa
2295 2192 2488 2251 securi

974 2289 1236 2348 Victima
1276 2307 1576 2367 purpureo
1616 2291 1908 2367 sanguine
1947 2290 2144 2367 pulsat
2186 2290 2456 2349 humum.

973 2386 1098 2461 Qui
1139 2398 1307 2464 pater
1348 2397 1437 2447 est
1477 2388 1695 2461 anime,
1741 2388 2018 2448 viduatur
2057 2388 2322 2465 corporis
2365 2405 2588 2465 experS,

972 2483 1183 2544 Pastor
1220 2496 1281 2544 et
1322 2504 1359 2545 a
1398 2485 1634 2562 pecude
1673 2503 1848 2546 cesus
1889 2485 2170 2546 abhorret
2197 2504 2407 2563 agros:

975 2580 1100 2655 Qui
1142 2592 1343 2642 custos
1383 2582 1585 2643 anime
1625 2582 1831 2657 fuerat,
1875 2584 2130 2645 custode
2169 2583 2427 2655 carebat,

974 2679 1285 2757 Huncque
1326 2692 1544 2741 necant
1586 2681 1726 2755 nati,
1770 2700 1926 2758 quos
1966 2683 2112 2742 colit
2151 2682 2280 2759 ipse
2321 2691 2505 2759 pater.

976 2777 1100 2853 Qui
1142 2778 1331 2839 fuerat
1371 2779 1623 2840 crucifer
1663 2798 1785 2857 que
1825 2790 2062 2857 patrum
2107 2781 2334 2840 Primas
2377 2780 2438 2840 in
2481 2781 2729 2854 honore,

972 2874 1098 2935 Hic
1141 2877 1327 2954 magis
1367 2874 1638 2937 abiectus
1656 2930 1659 2933 .
1680 2886 1742 2937 et
1781 2877 2078 2936 cruciatus
2121 2886 2280 2937 erat:

971 2976 1097 3051 Qui
1138 2977 1327 3036 fuerat
1368 2976 1582 3036 doctor
1621 2976 1842 3051 legum,
1888 2974 2018 3034 sine
2059 2976 2190 3051 lege
2229 2974 2481 3052 peribat,

970 3073 1163 3137 Cesus
1204 3084 1264 3135 et
1304 3074 1575 3135 atteritur
1612 3083 1814 3151 pastor
1853 3070 1934 3132 ab
1975 3090 2080 3133 ore
2119 3073 2326 3150 gregis.

967 3173 1131 3230 Ante
1173 3170 1335 3231 diem
1376 3170 1625 3231 moritur
1664 3171 1796 3231 sine
1835 3170 2028 3248 culpis
2069 3181 2131 3230 et
2172 3170 2304 3231 sine
2343 3188 2538 3245 causa,

969 3268 1113 3345 Quo
1154 3278 1278 3327 tam
1322 3277 1533 3329 natura
1571 3287 1756 3345 quam
1799 3270 1968 3329 Deus
2009 3267 2196 3329 ambo
2235 3268 2480 3329 dolent:

968 3366 1058 3426 Sit
1096 3366 1236 3425 licet
1274 3384 1348 3425 ex
1388 3365 1537 3427 falsa
1576 3384 1885 3427 seruorum
1927 3367 2058 3443 lege
2097 3366 2404 3443 subactuS,

966 3462 1149 3524 Liber
1186 3475 1505 3541 perpetuas
1543 3464 1814 3524 ambulat
1855 3464 1984 3541 ipse
2025 3464 2167 3525 vias.

965 3560 1281 3622 Fortitudo
1321 3561 1570 3638 quidem
1610 3562 1813 3635 virtus,
1856 3561 1996 3622 licet
2037 3563 2328 3623 exteriora

970 3659 1253 3733 Perdidit,
1296 3660 1548 3719 affirmat
1588 3659 1870 3719 interiora
1911 3659 2068 3734 deo;

965 3755 1435 3833 Temperiesque
1476 3755 1608 3830 sibi,
1652 3756 1943 3834 quicquid
1982 3758 2144 3817 >furor
2185 3756 2370 3835 egerit
2409 3769 2588 3830 extra,

964 3852 1227 3913 Interius
1265 3854 1487 3930 patitur
1526 3854 1910 3931 simplicitate
1949 3872 2078 3915 sua.
2109 3900 2112 3905 .

965 3950 1222 4039 Tollitur
1260 3970 1297 4011 a
1337 3950 1569 4013 mundo
1608 3953 1886 4030 quamuis
1929 3953 2248 4030 sapiencia,
2291 3952 2476 4013 virtus

962 4048 1251 4109 Prouidet
1291 4049 1353 4108 in
1398 4050 1531 4109 celo
1571 4068 1713 4110 cum
1755 4051 2024 4128 sapiente
2065 4051 2304 4111 locum:

962 4143 1197 4207 Obruta
1236 4146 1471 4206 iusticia
1511 4148 1790 4224 quamuis
1833 4148 2120 4222 videatur,
2163 4148 2246 4211 ad
2285 4158 2442 4207 astra

960 4242 1041 4304 Se
1080 4243 1244 4303 leuat
1286 4253 1347 4304 et
1386 4261 1691 4305 summum
1732 4258 2046 4323 permanet
2085 4258 2227 4307 ante
2267 4246 2470 4307 deum.

957 4340 1181 4401 Viuere
1222 4340 1492 4401 fecerunt
1534 4360 1716 4419 quem
1759 4343 2114 4406 mortificare
2155 4354 2458 4423 putarunt,

2895 1133 3026 1188 1070

2891 2104 3020 2153 1080

2889 3096 3019 3149 1090

2883 4072 3019 4109 1100

2359 4472 2488 4521 1077
2514 4457 2717 4523 margin
2743 4456 2881 4506 Nota
2903 4456 2949 4505 C
2991 4532 2996 4536 q
