3434 5142
1164 478 1450 543 LIBER
1505 478 2014 544 SECUNDUS
2568 500 2679 545 101

642 641 771 702 Sint
811 651 875 700 vt
918 639 980 701 in
1019 637 1264 703 arbitrio
1303 640 1544 701 subdita
1585 650 1803 701 cuncta
1844 659 1972 702 suo,

642 740 801 800 Cum
843 739 976 800 solo
1014 748 1298 799 causante
1338 739 1457 800 deo
1497 740 1617 799 sint
1656 749 1875 800 cuncta
1914 748 2126 814 creata,

645 839 807 898 Num
849 838 1086 897 fortuna
1124 837 1225 898 dei
1265 838 1498 899 soluere
1538 839 1728 916 possit
1767 856 1921 915 opus
1938 839 1967 898 Ρ

644 936 782 1011 Que
823 935 908 994 nil
947 934 1252 1012 principiis
1291 934 1492 1008 valuit,
1536 953 1651 995 nec
1691 936 1810 997 fine
1851 932 2087 1009 valebit,

646 1032 881 1093 Estimo
921 1032 1088 1109 quod
1127 1032 1343 1093 mediis
1384 1032 1468 1091 nil
1508 1034 1664 1093 valet
1706 1033 1836 1111 ipsa'
1876 1033 2016 1094 suis.

723 1130 878 1207 Quis
918 1139 1072 1191 terre
1113 1130 1334 1191 molem
1375 1131 1610 1209 celique
1651 1130 1915 1191 volubile
1955 1131 2212 1205 culmen,

646 1228 798 1304 Quis
841 1246 913 1289 ve
954 1246 1198 1289 mouere
1238 1228 1408 1289 dedit
1449 1228 1686 1289 sidera?
1770 1228 1994 1289 Nonne
2035 1228 2231 1289 deus?
2584 1237 2684 1287 600

645 1326 800 1403 Quis
841 1345 916 1387 ve
956 1325 1258 1403 saporauit
1301 1326 1360 1385 in
1405 1324 1604 1386 dulcia
1645 1325 1893 1385 flumina
1936 1326 2148 1399 fontes,

640 1426 756 1486 Vel
795 1424 931 1502 quis
970 1442 1172 1483 amara
1213 1422 1380 1485 dedit
1420 1425 1686 1502 equora?
1764 1422 1987 1483 Nonne
2027 1423 2223 1484 deus?

643 1521 940 1585 Conditor
979 1519 1140 1581 orbis
1181 1520 1262 1582 ad
1301 1521 1421 1581 hoc
1461 1520 1630 1598 quod
1670 1521 1946 1581 condidit
1987 1538 2119 1581 esse
2159 1518 2417 1594 volebat,

639 1621 723 1679 Vt
762 1620 1086 1681 deseruiret
1128 1618 1351 1679 fabrica
1390 1629 1515 1679 tota
1557 1618 1693 1679 deo.

641 1718 888 1778 Terram
927 1717 1165 1777 voetiuit
1206 1716 1408 1778 herbis
1448 1726 1510 1778 et
1550 1716 1797 1777 floribus
1838 1714 2073 1789 herbaS,

641 1816 844 1876 Flores
884 1815 948 1874 in
989 1814 1216 1875 fructus
1256 1814 1648 1892 multiplicare
1690 1814 1895 1875 dedit:

642 1913 920 1990 Invigilat
958 1930 1198 1975 summo
1239 1912 1441 1974 studio
1479 1913 1771 1975 ditescere
1798 1923 2049 1986 terram,

641 2011 722 2072 Et
759 2011 1083 2072 secundare
1123 2010 1422 2071 fertilitate
1463 2028 1607 2071 sua:

639 2110 774 2171 Nec
813 2110 954 2171 satis
995 2119 1095 2171 est-
1127 2110 1390 2170 mundus
1433 2110 1600 2187 quod
1641 2109 1908 2183 flumine,
1951 2106 2237 2182 sontibuS,
2279 2108 2439 2181 ortiS,

637 2206 913 2268 Floribus
953 2216 1015 2267 et
1053 2217 1222 2268 tanto
1262 2208 1529 2284 germine
1569 2208 1743 2267 diues
1782 2216 1945 2281 erat3
2579 2214 2683 2265 610

639 2307 766 2367 Res
803 2306 1068 2367 animare
1109 2323 1316 2377 nouas,
1356 2305 1546 2367 varias
1588 2305 1844 2367 formare
1884 2305 2121 2383 figuras,

640 2405 721 2464 Et
761 2402 1075 2482 speciebus
1115 2422 1217 2465 eas
1259 2404 1588 2465 diuaricare
1629 2414 1813 2481 parat.

640 2503 880 2565 Diuersi
917 2504 1152 2581 generis
1190 2504 1530 2564 animancia
1571 2513 1725 2565 terra
1764 2503 2004 2580 recepit,

639 2602 1058 2680 Ingemuitque
1099 2619 1265 2662 nouo
1304 2601 1572 2680 pondere
1613 2620 1815 2679 pressa
1854 2620 2007 2686 suoj

638 2698 1074 2777 Distribuitque
1113 2700 1281 2760 locos
1319 2699 1400 2760 ad
1441 2717 1650 2761 eorum
1691 2700 2101 2777 proprietates,

635 2799 812 2859 quta
852 2798 1018 2875 quod
1060 2798 1365 2875 proprium
1407 2796 1653 2859 cuilibet
1693 2815 1828 2859 esse
1868 2797 2054 2871 dedit,

635 2894 955 2956 Montibus
992 2896 1126 2970 hiis,
1169 2896 1284 2955 illis
1325 2894 1715 2969 convallibus,
1761 2896 1877 2955 hiis
1919 2896 2269 2969 nemorosis„

632 2994 908 3056 Pluribus
949 2994 1014 3053 in
1055 2990 1268 3071 planis'
1289 2994 1442 3055 dans
1485 2992 1754 3055 habitare
1794 2994 1979 3054 locis:

636 3096 794 3155 Aera
832 3093 1086 3171 sumpsit
1124 3094 1274 3167 auiS,
1316 3093 1496 3171 piscis
1537 3093 1654 3153 sibi
1693 3094 1976 3154 vendicat
2014 3092 2225 3165 vndas‚

633 3191 958 3253 Planiciem
1000 3190 1280 3269 pecudes,
1325 3191 1505 3252 deuia
1542 3209 1787 3269 queque
1828 3192 1965 3253 sere.
2577 3198 2679 3247 620

634 3292 748 3349 Ars
789 3290 954 3367 operi
995 3290 1181 3351 dictat
1223 3290 1462 3362 formas,
1507 3289 1829 3367 opifexque
1870 3290 2095 3367 figurat,

632 3388 891 3449 Artificis
933 3388 1199 3465 sequitur
1238 3384 1462 3447 fabrica
1501 3397 1628 3448 tota
1669 3405 1932 3447 manum.

711 3486 977 3547 Fortune
1018 3484 1204 3546 nichil
1243 3484 1529 3562 attribuit,
1573 3494 1666 3547 set
1706 3485 1869 3545 solus
1908 3493 1973 3543 vt
2012 3484 2140 3560 ipse

632 3584 867 3645 Cuncta
905 3593 1082 3659 creat,
1127 3584 1290 3643 solus
1329 3594 1550 3644 cuncta
1590 3592 1788 3644 creata
1828 3581 2013 3659 regit:

631 3682 740 3741 Est
781 3681 966 3741 nichil
1007 3680 1226 3756 infelix,
1273 3680 1458 3739 nichil
1497 3689 1602 3740 aut
1642 3680 1723 3741 de
1760 3688 1922 3739 sorte
1964 3677 2223 3750 beatum,

634 3780 833 3839 Immo
872 3778 978 3837 viri
1021 3779 1244 3838 meritis
1285 3778 1390 3839 dat
1431 3796 1540 3839 sua
1581 3777 1743 3838 dona
1784 3777 1953 3839 deus.

630 3875 937 3953 Quicquid
977 3875 1150 3936 adest
1189 3875 1378 3953 igitur,
1424 3875 1662 3951 sapiens
1701 3874 1807 3952 qui
1849 3875 2065 3951 scripta
2106 3872 2362 3934 reuoluit

630 3974 809 4034 Dicet
848 3973 1148 4033 fortunam
1190 3990 1314 4033 non
1355 3969 1639 4032 habuisse
1678 3990 1878 4032 ream:

628 4073 772 4132 Hoc
811 4070 1002 4132 fateor
1039 4088 1194 4145 vere,
1237 4070 1528 4147 quicquid
1566 4070 1861 4147 contingit
1903 4071 1966 4129 in
2006 4068 2169 4143 orbe,

631 4171 761 4230 Nos
802 4187 1009 4230 sumus
1052 4168 1114 4228 in
1155 4186 1351 4243 causa,
1397 4168 1517 4229 sint
1559 4167 1721 4229 bona
1763 4168 1892 4228 siue
1932 4168 2107 4228 mala.
2574 4173 2673 4235 630

1261 4317 1361 4379 614
1397 4314 1739 4379 Ingenuitque
1764 4312 1857 4363 DL
