3434 5142
825 392 950 506 ,³⁵⁶

395 1035 476 1088 De
501 1036 614 1088 luce
638 1051 919 1102 procerum.

397 2014 476 2062 De
501 2013 614 2063 luce
647 2011 868 2064 Militum
898 2020 952 2062 et

326 2078 540 2130 aliorum
575 2080 663 2144 qui
701 2078 834 2128 bella
873 2093 950 2128 se·

328 2153 540 2207 quntur.

397 2601 478 2652 De
500 2601 614 2652 luce
633 2601 942 2664 legistnmm.

382 3381 460 3433 De
469 3381 585 3432 luce
596 3379 955 3434 Mercator-um.

1790 385 2351 451 TRACTATUS

1141 549 1302 608 Raro
1343 547 1496 608 fides
1533 544 1745 608 crescit
1784 543 1888 608 vbi
1926 545 2087 624 regia
2124 546 2228 606 lux
2268 543 2663 606 tenebrescit:

1138 646 1278 706 Hec
1318 655 1522 706 tamen
1559 643 1860 716 audimus,
1904 653 1996 704 set
2036 654 2097 704 et
2136 644 2252 703 hec
2292 641 2599 704 verissima
2638 641 2865 706 scimus

1136 742 1270 802 Nec
1309 739 1470 820 capit
1510 743 1624 802 hec
1667 740 1886 802 mentis
1928 741 2139 801 oculus
2178 741 2259 800 de
2300 742 2434 801 luce
2475 738 2745 818 regentis.

1135 837 1396 900 Vlterius
1437 858 1636 916 quere,
1681 838 1887 917 cupias
1929 837 1979 898 si
2020 841 2227 900 lumen
2266 837 2507 913 habere,

1137 935 1398 997 Lumina
1438 956 1699 1016 namque
1744 935 1947 998 Dauid
1990 935 2105 998 sibi
2148 955 2293 996 ceca
2332 935 2520 1014 magis
2562 934 2835 996 titulauit.

1217 1033 1280 1095 Si
1321 1033 1487 1112 regni
1527 1053 1801 1112 proceres
1839 1033 2009 1096 aliter
2047 1053 2158 1113 pro
2198 1032 2427 1094 lumine
2468 1053 2697 1113 queres,

1135 1131 1358 1210 Aspice
1398 1134 1565 1211 quod
1607 1133 1855 1212 plenum
1896 1151 2021 1192 non
2062 1141 2153 1192 est
2194 1129 2279 1191 ibi
2319 1143 2557 1210 tempus
2596 1151 2903 1204 amenum,

1137 1231 1422 1306 Dumque
1463 1239 1636 1306 putas
1677 1239 1849 1303 stare,
1891 1227 2165 1307 palpabis
2205 1227 2329 1302 iter,
2375 1228 2517 1308 quia
2556 1231 2713 1290 clare

1135 1327 1336 1386 Nemo
1377 1324 1556 1399 videt,
1603 1328 1850 1404 quando
1890 1325 2091 1388 veniet
2130 1328 2209 1388 de
2250 1325 2489 1388 turbine
2529 1328 2774 1404 grando.

1138 1421 1375 1484 Diuicie
1414 1442 1558 1484 cece
1599 1425 1812 1485 fallunt
1852 1423 1981 1486 sine
2020 1423 2249 1484 lumine
2288 1443 2459 1499 sese;

1136 1521 1338 1596 Quam
1379 1520 1540 1600 prius
1582 1520 1681 1581 ille
1722 1523 1913 1594 cadat,
1960 1519 2057 1581 vix
2096 1521 2285 1582 cernit
2326 1521 2557 1580 habens
2596 1519 2699 1581 vbi
2739 1523 2963 1584 vadat:

1134 1617 1234 1678 Sic
1275 1616 1372 1677 via
1409 1637 1618 1678 secura
1657 1637 1971 1696 procerum
2012 1637 2137 1680 non
2178 1629 2269 1679 est
2308 1617 2439 1678 sine
2478 1637 2637 1678 cura.

1135 1716 1310 1776 Stans
1351 1718 1546 1776 honor
1587 1735 1660 1776 ex
1699 1735 1882 1777 onere
1922 1715 2038 1777 sibi
2077 1714 2365 1777 conuenit
2402 1727 2539 1776 acta
2577 1715 2817 1792 videre;

1134 1812 1260 1890 Qui
1301 1823 1504 1874 tamen
1545 1823 1851 1874 extentum
1893 1815 2080 1874 modo
2120 1811 2332 1874 viderit
2370 1813 2863 1890 experimentum,

1140 1912 1237 1971 De
1276 1929 1587 1988 procerum
1632 1930 1804 1989 spera
1844 1929 1967 1970 non
2010 1922 2257 1988 surgunt
2297 1907 2527 1970 lumina
2565 1929 2717 1970 vera.

1219 2006 1284 2069 Si
1324 2007 1678 2068 bellatorum
1720 2008 1917 2068 lucem
1960 2007 2269 2068 scrutabor
2304 2027 2531 2081 eorum,

1139 2105 1412 2166 Lucerne
1450 2106 1602 2165 lator
1641 2104 1995 2166 tenebrosus
2036 2105 2207 2165 adest
2246 2103 2551 2182 gladiator.

1137 2204 1290 2263 Sunt
1329 2201 1414 2262 ibi
1453 2201 1729 2263 doctrina
1765 2205 1953 2274 luxus,
1998 2201 2239 2276 iactura,
2282 2200 2504 2280 rapina,

1140 2300 1278 2375 Que
1317 2319 1442 2362 non
1483 2301 1863 2377 splendorem
1908 2310 2165 2377 querunt
2204 2309 2295 2360 set
2335 2299 2556 2360 habere
2596 2318 2911 2375 cruorem5

1139 2399 1218 2457 Et
1259 2396 1344 2457 sic
1383 2408 1644 2457 armatus
1685 2399 1883 2458 lucem
1924 2417 2030 2475 pre
2070 2396 2208 2458 labe
2248 2408 2445 2458 reatus

1136 2495 1280 2554 Non
1321 2493 1502 2568 videt,
1546 2496 1705 2555 vnde
1746 2505 1933 2554 status
1974 2513 2118 2554 suus
2159 2505 2313 2554 errat
2352 2491 2415 2553 in
2456 2493 2602 2554 orbe
2642 2503 2939 2572 grauatus.

1215 2591 1277 2652 Si
1319 2594 1414 2652 lex
1455 2603 1761 2666 scrutetur,
1806 2590 1892 2654 ibi
1931 2593 2033 2652 lux
2072 2613 2217 2654 non
2257 2591 2681 2666 inuenietur,

1074 2757 1078 2760 ,
1136 2688 1303 2765 Quin
1343 2688 1432 2749 vis
1473 2701 1576 2750 aut
1618 2693 1771 2751 velle
1813 2689 1905 2750 ius
1947 2689 2208 2778 concitat
2248 2709 2381 2751 esse
2421 2690 2678 2751 rebelle:

1137 2789 1281 2846 Non
1322 2789 1548 2866 populo
1589 2788 1752 2848 lucet
1792 2787 1972 2850 iudex
2013 2808 2194 2867 quem
2236 2807 2585 2848 mammona
2623 2788 2823 2860 ducet,

1137 2883 1335 2945 Efficit
1377 2895 1439 2945 et
1477 2905 1690 2946 cecum
1732 2905 1857 2964 quo
1896 2905 2040 2964 sepe
2078 2885 2400 2948 reflectitur
2439 2904 2639 2964 equm.

1143 2983 1247 3044 Ius
1289 2981 1417 3044 sine
1457 2981 1585 3044 iure
1627 2984 1819 3058 datur,
1864 2983 1913 3043 si
1954 3003 2238 3044 nummus
2279 2981 2342 3044 in
2383 3003 2527 3044 aure
2562 2984 2857 3060 loquatur,

1138 3079 1286 3140 Auri
1326 3083 1644 3160 splendore
1683 3080 2041 3143 tenebrescit
2080 3083 2286 3144 lumen
2328 3080 2391 3141 in
2432 3101 2551 3142 ore.

1088 3231 1094 3238 .
1140 3177 1358 3239 Omnis
1398 3177 1606 3258 legista
1645 3178 1793 3240 viuit
1834 3178 2005 3257 quasi
2046 3180 2176 3257 lege
2217 3180 2331 3239 sub
2372 3177 2500 3253 ista,

1143 3277 1284 3351 Quo
1326 3275 1512 3353 magis
1553 3296 1628 3336 ex
1665 3278 1835 3354 glosa
1873 3275 2056 3336 loculi
2096 3277 2163 3336 fit
2204 3277 2301 3337 lex
2340 3276 2671 3336 tenebrosa.

1221 3371 1284 3432 Si
1326 3373 1733 3434 Mercatorum
1774 3383 2095 3451 querantur
2134 3373 2363 3434 lumina
2402 3392 2654 3445 morum,

1139 3471 1274 3530 Lux
1313 3489 1438 3530 non
1480 3469 1744 3548 fulgebit,
1790 3469 1891 3531 vbi
1933 3472 2091 3530 fraus
2133 3491 2273 3531 cum
2313 3469 2449 3530 ciue
2490 3468 2773 3530 manebit.

1145 3566 1426 3644 Contegit
1466 3586 1639 3628 vsure
1681 3566 1915 3629 subtilis
1956 3569 2146 3628 forma
2186 3569 2370 3645 figure

1139 3666 1392 3725 Vultum
1432 3667 1746 3738 laruatum‚
1789 3684 1970 3745 quem
2012 3663 2183 3726 diues
2226 3665 2440 3725 habet
2480 3662 2889 3726 similatum.

1142 3761 1206 3824 Si
1243 3764 1420 3824 dolus
1461 3761 1525 3824 in
1565 3763 1706 3822 villa
1746 3772 1849 3823 tua
1888 3761 2077 3841 possit
2116 3762 2338 3823 habere
2378 3761 2583 3840 sigilla,

1140 3859 1258 3920 Vix
1297 3862 1513 3922 reddes
1553 3863 1747 3921 clarus
1788 3861 1951 3920 bona
1989 3880 2110 3939 que
2151 3859 2261 3922 tibi
2300 3871 2524 3940 prestat
2562 3879 2819 3936 auarus;

1145 3961 1223 4019 Et
1264 3957 1348 4020 sic
1391 3959 1643 4020 maiores
1685 3960 1898 4020 fallunt
1933 3974 2261 4037 quamsepe
2300 3957 2581 4030 minores,
2862 3961 2871 3972 '

1141 4057 1323 4117 Vnde
1362 4058 1571 4118 dolent
1610 4051 1784 4118 turbe
1824 4056 1937 4116 sub
1981 4075 2282 4115 murmure
2324 4054 2517 4134 plebis
2558 4053 2621 4114 in
2662 4055 2823 4115 vrbe.

1143 4153 1242 4214 Sic
1283 4153 1435 4215 inter
1475 4154 1638 4215 ciues
1679 4165 1832 4216 errat
1872 4153 2002 4214 sine
2042 4151 2269 4214 lumine
2310 4152 2499 4228 diues,

1145 4252 1431 4330 Dumque
1473 4253 1654 4313 fidem
1697 4251 1906 4325 nescit,
1948 4253 2049 4310 lux
2089 4250 2253 4329 pacis
2292 4251 2374 4311 ab
2414 4250 2559 4312 vrbe
2600 4247 2859 4310 recessit.

1788 4377 1857 4427 35
1890 4371 1943 4414 et
1964 4365 2087 4429 hec]
2112 4380 2203 4428 per
2220 4365 2319 4414 hee
2344 4365 2387 4414 L

3132 3089 3198 3138 60
