3434 5142
786 362 908 423 282

1493 357 1692 423 VOX
1750 358 2292 425 CLAMANTIS

951 518 1235 597 Vndique
1273 520 1538 595 dampna
1578 518 1788 595 fluunt,
1830 520 1999 597 quod
2038 521 2103 581 in
2145 522 2261 581 isto
2300 530 2573 600 tempore
2612 521 2762 585 liber

953 617 1176 679 Nescio
1216 618 1480 695 pacificis
1519 636 1644 695 quo
1683 617 1841 678 fruar
1882 618 2010 695 ipse
2050 619 2179 680 viis.

955 716 1184 792 Expers
1225 716 1448 776 invidie
1489 724 1807 791 paupertas
1848 716 1975 777 sola
2015 717 2301 792 manebit,

955 814 1158 889 Quam
1195 814 1582 891 supplantare
1621 813 1823 875 nullus
1862 813 1925 873 in
1966 814 2114 875 orbe
2156 816 2372 877 studet.

955 911 1014 972 O
1055 912 1234 971 miser
1273 921 1335 971 et
1375 911 1516 973 felix
1554 928 1797 987 pauper,
1842 911 1947 989 qui
1987 910 2139 973 liber
2178 912 2403 992 vbique

956 1008 1114 1070 Cum
1157 1008 1362 1086 requie
1401 1008 1620 1069 mentis
1659 1008 1894 1085 absque
1934 1028 2157 1085 pauore
2197 1016 2437 1073 manes!
2898 1022 3006 1086 360

959 1112 974 1139 ‘
993 1108 1050 1167 O
1092 1106 1372 1179 munduS,
1415 1106 1715 1181 mundus‚'
1760 1106 1987 1179 dicunt,
2034 1112 2050 1139 ‘
2068 1108 2127 1171 Ο
2167 1126 2243 1169 ve
2281 1108 2411 1185 tibi,
2454 1109 2736 1183 mundus,

957 1206 1082 1281 Qui
1122 1203 1310 1281 magis
1349 1213 1532 1281 atque
1571 1204 1760 1281 magis
1800 1204 2095 1267 deteriora
2134 1205 2291 1283 paris
2314 1209 2353 1267 1’

957 1302 1125 1378 Quid
1167 1300 1282 1363 sibi
1323 1302 1400 1361 sit
1439 1301 1703 1363 mundus
1744 1301 1938 1379 igitur,
1980 1321 2103 1380 que
2141 1304 2333 1365 forma
2370 1306 2466 1365 vel
2509 1305 2655 1378 eius,

957 1400 1098 1475 Que
1137 1400 1234 1461 vel
1271 1398 1570 1474 condicio,
1613 1400 1847 1477 singula
1886 1400 2037 1461 scire
2075 1401 2232 1461 volo.

867 1596 1030 1667 Quia
1049 1594 1481 1665 vau-quisque
1513 1593 1597 1650 ad
1629 1608 1897 1665 presens
1928 1595 2007 1651 de
2036 1595 2253 1651 mundi
2282 1596 2557 1653 {alludis
2580 1597 3008 1665 conqueritur,

798 1684 1070 1740 intendit
1095 1684 1198 1738 hic
1223 1683 1298 1737 de
1324 1685 1502 1739 statu
1524 1685 1594 1739 et
1613 1683 1987 1739 condicione
2008 1684 2241 1750 mundi.
2266 1698 2516 1741 necnon
2550 1688 2619 1741 et
2646 1686 2728 1741 de
2750 1686 3009 1741 miseria

800 1772 1193 1828 condicionis
1215 1770 1512 1836 humane,
1536 1773 1825 1829 tractare
1850 1775 2325 1843 consequenter.

634 1905 831 1980 Capm.
859 1887 916 1964 ἢ.

1047 1902 1320 1963 Mundus
1362 1902 1526 1961 enim
1565 1900 1682 1961 sibi
1724 1902 1829 1961 dat
1869 1919 2111 1976 nomen,
2155 1912 2247 1962 set
2286 1902 2552 1963 mundus
2594 1901 2799 1962 haberi

966 2001 1060 2060 Ex
1100 1998 1488 2060 inmundiciis
1529 2000 1608 2061 de
1647 2000 1889 2060 racione
1930 2000 2174 2077 nequit:

965 2097 1256 2158 Sordibus
1297 2107 1389 2157 est
1429 2097 1659 2173 plenus,
1707 2097 1997 2157 viciorum
2036 2097 2305 2174 germine
2344 2098 2575 2174 plenuS,

965 2196 1187 2256 Plenus
1229 2195 1509 2273 pecoetis,
1553 2196 1771 2271 plenus
1810 2194 2033 2272 vbique
2072 2194 2245 2255 dolis.

963 2294 1266 2369 Tempora
1307 2302 1612 2352 mutantur
1651 2302 1957 2352 mutantur
1996 2292 2405 2365 condiciones,

964 2392 1403 2467 Mutanturque
1445 2399 1651 2463 status,
1695 2408 1813 2449 nec
1853 2400 2058 2451 manet
2100 2391 2253 2451 ordo
2295 2390 2419 2449 diu.
2912 2412 3017 2463 370

967 2488 1198 2548 Discite
1240 2506 1422 2565 quam
1463 2504 1652 2565 prope
1693 2488 1773 2547 sit
1813 2499 1873 2548 et
1908 2506 2099 2565 quam
2139 2489 2336 2549 vicina
2376 2489 2563 2562 ruina,

967 2586 1133 2645 Talis
1175 2586 1338 2645 enim
1381 2586 1613 2644 nullum
1653 2602 1775 2662 que
1814 2586 2157 2647 releuamen
2199 2586 2420 2647 habet:

967 2683 1199 2743 Discite
1239 2700 1422 2760 quam
1464 2682 1650 2742 nichil
1691 2694 1783 2743 est
1822 2683 2113 2762 quicquid
2155 2686 2412 2761 peritura
2450 2685 2723 2762 voluptas

970 2780 1246 2841 Possidet
1287 2790 1348 2841 et
1388 2780 1536 2841 false
1575 2781 1856 2843 vendicat
1896 2800 2029 2842 esse
2070 2801 2263 2843 suum.

1049 2878 1190 2938 Vim
1231 2879 1380 2956 quid
1421 2889 1512 2939 est
1553 2896 1797 2955 presens
1814 2881 1842 2938 Ρ
1910 2881 2251 2957 temptacio,
2296 2898 2497 2957 pugna
2538 2879 2827 2954 molesta3

973 2976 1098 3036 Hic
1137 2976 1296 3036 acies
1337 2994 1590 3054 semper,
1635 2996 1873 3054 semper
1912 2988 1972 3037 et
2012 2978 2202 3038 hostis
2243 2979 2451 3039 adest:

971 3075 1093 3134 Fur
1133 3073 1368 3151 opibuS,
1411 3093 1621 3151 guerra
1660 3076 1812 3153 paci,
1856 3075 2225 3153 morbusque
2266 3076 2441 3136 saluti

971 3172 1231 3247 Inuidet,
1275 3182 1337 3232 et
1376 3190 1594 3250 corpus
1635 3184 1838 3234 nostra
1878 3184 2121 3237 senecta
2160 3174 2410 3252 premit:

971 3270 1192 3348 Sicque
1231 3271 1384 3347 perit
1424 3270 1644 3348 placite
1683 3272 1971 3348 paulatim
2012 3274 2209 3349 gracia
2250 3272 2457 3346 forme,

973 3369 1278 3445 Nullaque
1317 3368 1397 3427 de
1438 3368 1642 3429 multis
1682 3387 1803 3446 que
1842 3370 2121 3447 placuere
2160 3380 2427 3429 manent.
2923 3380 3025 3442 380

978 3468 1138 3528 Nam
1178 3477 1412 3543 gustata
1451 3466 1650 3527 minus
1693 3468 1949 3545 sapiunt,
1992 3467 2089 3527 vix
2131 3468 2313 3529 sentit
2352 3468 2590 3539 odores,

976 3564 1094 3624 Vix
1135 3580 1380 3642 quoque
1419 3564 1718 3625 clamosos
1760 3566 2011 3642 percipit
2050 3584 2195 3627 aure
2233 3583 2455 3627 sonos:

978 3663 1254 3740 Caligant
1296 3662 1474 3735 oculi,
1516 3662 1596 3722 de
1635 3672 1769 3722 toto
1810 3664 1939 3723 sola
1978 3676 2296 3741 supersunt

977 3762 1097 3819 Vix
1136 3761 1290 3820 cutis
1331 3770 1392 3819 et
1433 3760 1633 3821 neruis
1675 3778 1813 3821 ossa
1853 3762 2031 3838 ligata
2070 3761 2211 3822 suis.

980 3859 1221 3918 Estates
1263 3857 1410 3931 odit,
1456 3858 1702 3935 hyemes
1744 3869 1805 3919 et
1846 3859 2061 3937 frigora
2100 3859 2319 3936 culpat,

983 3956 1042 4015 N
1047 3974 1118 4015 ec
1157 3958 1410 4032 querulo
1451 3969 1706 4034 possunt
1746 3958 1865 4017 vlla
1904 3958 2141 4035 placere
2180 3958 2348 4017 seni:

983 4054 1226 4131 Frigore
1265 4072 1428 4113 nunc
1469 4054 1674 4129 nimie,
1714 4054 1903 4115 nimio
1944 4072 2106 4114 nunc
2146 4054 2365 4117 leditur
2402 4064 2551 4127 esni,

987 4153 1068 4212 Et
1110 4150 1306 4211 stabili
1349 4171 1678 4230 numquam
1722 4164 2031 4231 permanet
2074 4154 2173 4213 ille
2214 4163 2393 4213 statu.

986 4252 1156 4311 Dens
1195 4249 1360 4310 dolet
1399 4260 1504 4309 aut
1543 4252 1761 4325 ceruix,
1800 4262 1905 4312 aut
1945 4253 2145 4313 forsan
2185 4252 2388 4329 lingua
2427 4252 2652 4329 ligatur,

986 4348 1166 4425 Splen
1209 4357 1416 4421 tumet,
1460 4358 1688 4425 egrotat
1728 4350 1952 4427 pulm0,
1996 4348 2227 4411 laborat
2266 4366 2444 4427 epat;
2933 4368 3027 4421 390
