3434 5142
1173 488 1459 553 LIBER
1516 490 1972 569 QUARTUS
2556 499 2674 577 189

630 649 835 708 Frater
874 649 1103 709 honore
1145 667 1319 709 suum
1362 649 1545 727 spirat
1585 649 1808 711 habere
1847 652 2087 712 locum:

628 747 877 824 Appetit
919 748 1047 824 ipse
1088 749 1266 807 scolis
1308 767 1532 808 nomen
1574 747 1690 808 sibi
1731 748 1882 808 serre
1923 751 2206 828 magistri,

633 844 833 918 Quem
877 855 1012 922 post
1053 856 1399 922 exemptum
1439 847 1640 924 regula
1681 848 1848 906 nulla
1891 847 2065 925 ligat:

629 942 804 1002 Solus
846 941 1029 1003 habet
1069 961 1386 1017 cameram,
1430 945 1689 1020 propriat
1730 963 2072 1018 commune,
2115 965 2236 1023 que
2278 948 2508 1008 nullum

628 1041 805 1100 Tunc
847 1040 961 1100 sibi
1002 1041 1378 1102 claustralem
1419 1053 1728 1118 computat
1771 1061 1902 1103 esse
1941 1061 2166 1120 parem.

626 1139 711 1198 Vt
752 1137 983 1198 latriam
1024 1139 1235 1200 statuis
1273 1139 1618 1200 claustrales
1658 1140 1812 1202 ferre
1854 1143 2150 1220 magistris

632 1235 877 1296 Debent
918 1247 979 1296 et
1020 1237 1278 1313 pedibus
1320 1238 1561 1298 flectere
1601 1238 1758 1298 colla
1799 1239 1961 1302 suis:
2575 1251 2676 1301 820

629 1335 728 1394 Sic
768 1344 971 1396 tumor
1009 1345 1074 1396 et
1114 1353 1337 1412 pompa
1378 1336 1613 1397 latitant
1652 1337 1768 1396 sub
1809 1336 2130 1415 theologia,

632 1433 871 1492 Ducere
911 1452 1027 1492 nec
1066 1433 1206 1492 duci
1249 1432 1395 1492 dum
1438 1435 1600 1493 fauet
1640 1433 1793 1494 ordo
1835 1433 1964 1494 sibi.

629 1531 808 1589 Tunc
848 1531 1143 1590 thalamos
1184 1541 1453 1608 penetrat
1494 1529 1799 1605 sublimes,
1845 1533 2009 1592 curia
2050 1533 2213 1592 nulla

634 1627 743 1686 Est
782 1628 953 1687 cuius
994 1638 1165 1705 porta
1204 1628 1500 1688 clauditur
1540 1641 1680 1688 ante
1723 1630 1930 1689 virum.

629 1725 944 1803 Aspiciens
984 1727 1171 1786 varias
1214 1727 1445 1804 species
1484 1727 1742 1786 variatur
1781 1736 1842 1786 et
1881 1729 2011 1804 ipse

634 1822 965 1895 Camelion,
1006 1832 1069 1883 et
1110 1833 1201 1884 tot
1242 1824 1415 1902 signa
1450 1825 1669 1884 coloris
1711 1823 1931 1885 habet:

635 1923 837 1981 Frater
876 1922 933 1982 ei
974 1921 1197 1996 similis»,
1242 1923 1620 1999 perpendens
1660 1922 1815 1982 velle
1855 1923 2131 1997 virorum,

634 2019 779 2078 Vult
820 2019 882 2078 in
924 2020 1219 2079 consimili
1263 2039 1371 2096 par
1409 2021 1487 2080 sit
1524 2032 1587 2080 vt
1629 2020 1758 2096 ipse
1799 2021 1924 2096 pari
1944 2042 1962 2094 3

636 2117 715 2176 Et
756 2117 899 2195 quia
938 2117 1024 2176 sic
1066 2117 1322 2178 similem
1364 2117 1478 2177 sibi
1520 2118 1701 2177 sentit
1741 2118 1904 2177 curia
1946 2119 2202 2193 fratrem,

636 2216 781 2276 Eius
822 2216 886 2275 in
926 2215 1191 2276 aduentu
1235 2216 1483 2292 presulis
1523 2225 1659 2275 acta
1698 2225 1928 2276 vaoent.
2577 2228 2678 2291 830

636 2314 862 2374 Circuit
904 2313 1173 2386 exterius,
1221 2311 1487 2391 explorat
1527 2324 1588 2374 et
1630 2313 1924 2387 interiora,

639 2413 783 2472 Non
826 2430 981 2488 opus
1022 2413 1326 2472 occultum
1370 2429 1484 2472 nec
1524 2412 1695 2472 locus
1735 2421 1897 2471 extat
1937 2412 2030 2472 ei:

636 2511 816 2570 Nunc
858 2511 1143 2584 medicuS,
1189 2529 1352 2570 nunc
1391 2509 1714 2584 confessor,
1761 2529 1924 2569 nunc
1965 2521 2054 2570 est
2095 2510 2404 2586 mediator,

638 2609 718 2667 Et
759 2626 936 2684 super
976 2618 1036 2668 et
1077 2609 1288 2668 subtus
1328 2609 1511 2668 mittit
1549 2607 1631 2668 ad
1670 2626 1856 2668 omne
1897 2627 2160 2668 manum.

638 2705 890 2782 Spiritus
929 2716 993 2765 vt
1032 2707 1280 2780 domini,
1326 2707 1411 2766 sic
1452 2707 1629 2766 frater
1668 2707 1852 2782 spirat
1890 2706 2131 2784 vbique,

639 2803 720 2863 Et
760 2805 923 2864 venit
964 2804 1045 2864 ad
1083 2806 1307 2864 lectum
1347 2804 1593 2882 quando
1636 2805 1882 2863 maritus
1923 2801 2131 2866 abest:

638 2903 737 2962 Sic
776 2901 1027 2963 absente
1068 2905 1193 2964 viro
1232 2905 1577 2964 temerarius
1618 2902 1798 2962 intrat
1837 2902 2070 2964 adulter

639 3001 857 3072 Frater,
903 3011 963 3061 et
1003 3001 1241 3061 alterius
1282 3002 1544 3078 propriat
1583 3011 1717 3060 acta
1759 2999 1908 3060 sibi:

639 3099 738 3159 Sic
777 3100 943 3158 venit
982 3099 1061 3159 ad
1102 3099 1265 3159 strati
1308 3099 1565 3176 capitata
1605 3097 1882 3158 cubicula
1923 3098 2078 3171 lecti,

640 3197 852 3274 Sepius
893 3208 953 3257 et
994 3198 1185 3274 prima
1226 3207 1385 3257 sorte
1427 3197 1658 3256 futurus
1700 3195 1826 3256 erit.
2581 3209 2682 3268 840

638 3293 738 3354 Sic
777 3296 1015 3372 genitus
1057 3295 1343 3355 Salomon
1384 3302 1474 3353 est
1515 3294 1629 3352 hac
1669 3311 1790 3370 que
1831 3294 2033 3369 nupsit
2074 3294 2232 3368 Vrie,

645 3393 809 3452 Dum
852 3395 987 3470 pius
1028 3394 1287 3451 intrusor
1328 3401 1583 3468 occupat
1624 3390 1768 3450 inde
1809 3391 2045 3452 locum:

642 3491 858 3568 Sponsi
901 3490 1173 3550 defectus
1214 3490 1412 3566 suplet
1453 3489 1712 3550 deuocio
1754 3488 1962 3562 fratris,

643 3590 723 3648 Et
762 3607 951 3666 genus
992 3589 1365 3666 amplificans
1404 3587 1553 3648 atria
1592 3587 1771 3664 plena
1811 3587 1968 3649 facit.

642 3686 934 3748 Verberat
975 3689 1085 3748 iste
1127 3705 1351 3765 vepreS,
1395 3689 1697 3747 volucrem
1742 3687 1901 3762 capit
1941 3686 2124 3761 alter3
2178 3695 2239 3746 et
2278 3685 2392 3747 iste

646 3785 913 3845 Seminat
955 3785 1016 3844 in
1060 3785 1333 3859 fundum,
1379 3795 1469 3845 set
1512 3795 1696 3845 metet
1738 3785 1885 3844 alter
1923 3802 2168 3861 agrum:

646 3883 722 3943 In
764 3885 959 3944 stadio
1000 3894 1243 3944 currunt
1282 3882 1484 3958 amb0,
1528 3882 1802 3943 brauium
1845 3893 2049 3942 tamen
2089 3901 2242 3943 vnus

643 3981 880 4058 Accipit
920 3980 1137 4042 iniuste
1177 3982 1413 4059 longius
1453 3981 1583 4059 ipse
1622 3989 1816 4040 retro:

648 4079 745 4139 Sic
784 4078 961 4139 intrat
1004 4098 1260 4157 sponsus
1300 4079 1553 4138 aliorum
1594 4095 1741 4154 sepe
1781 4076 2034 4149 laboreS,

645 4178 739 4235 Ac
780 4175 887 4236 vbi·
924 4195 1047 4236 non
1089 4177 1269 4236 soluit
1312 4177 1371 4234 in
1414 4175 1593 4248 lucra,
1637 4193 1792 4233 vana
1832 4184 2052 4234 tamen.
2584 4185 2686 4248 850

648 4273 859 4335 Credit
899 4283 962 4334 et
1000 4275 1224 4334 exultat
1266 4273 1495 4350 prolem
1536 4271 1816 4349 genuisse
1855 4271 2120 4344 marituS,

647 4373 887 4451 Vngula
925 4391 1040 4433 nec
1078 4372 1261 4449 prolis
1302 4371 1557 4448 pertinet
1596 4389 1715 4430 vna
1755 4369 1885 4430 sibi.

649 4471 922 4532 Predicat
960 4471 1227 4548 ypocrita
1266 4489 1405 4530 cum
1448 4487 1672 4547 sponso
1712 4469 1976 4530 carmina
2016 4480 2236 4545 sancta,
