3434 5142
1507 408 1705 474 VOX
1764 406 2306 475 CLAMANTIS

970 571 1168 631 Factis
1208 569 1287 631 de
1327 570 1542 630 nostris
1583 569 1767 629 hodie
1807 569 2173 629 conuertitur
2212 568 2275 627 in
2316 586 2465 643 ems,

970 670 1268 729 Dicuntur
1308 666 1464 728 facta
1504 686 1624 745 que
1664 666 2001 744 peragenda
2041 676 2302 727 manent.

969 766 1031 827 N
1031 784 1151 825 unc
1191 766 1386 825 aliena
1425 762 1540 825 sibi
1579 765 1706 823 vult
1742 782 1925 840 regna
1964 762 2241 840 superbia
2282 763 2477 837 subdi,

972 864 1112 939 Que
1151 864 1248 922 vix
1289 863 1350 921 in
1393 862 1632 938 proprio
1673 871 1791 921 stat
1830 859 2109 921 semituta
2149 861 2299 920 solo.

969 961 1138 1021 Bella
1177 969 1348 1019 tonat
1387 958 1584 1018 valide
1623 958 1901 1017 thalamis
1940 958 2191 1018 audacia
2232 958 2448 1035 lingue,

969 1059 1195 1118 Vecors
1237 1066 1326 1117 set
1365 1055 1594 1131 campis
1635 1074 1762 1114 non
1802 1065 2011 1114 mouet
2050 1055 2150 1114 illa
2190 1072 2439 1115 manus:

969 1156 1097 1217 Sub
1136 1155 1290 1216 facie
1328 1172 1536 1231 guerre
1576 1171 1689 1213 nos
1728 1154 1987 1212 multant
2024 1153 2291 1229 vndique
2330 1162 2480 1226 taxe,

969 1255 1286 1330 Vniusque
1326 1253 1491 1312 lucro
1527 1252 1692 1311 milia
1732 1250 1995 1328 dampna
2034 1252 2178 1311 scio,

970 1350 1242 1411 Libertas
1283 1349 1458 1409 solita
1498 1366 1687 1425 nuper
1729 1349 1916 1408 modo
1956 1349 2139 1407 fertur
2176 1366 2374 1422 auara,

968 1449 1050 1508 Et
1090 1449 1278 1525 magis
1319 1448 1545 1525 ingrata
1584 1446 1944 1507 condicione
1982 1456 2221 1522 grauat:

970 1546 1194 1608 Omnia
1233 1562 1338 1623 pre
1377 1542 1655 1604 manibus
1696 1544 1986 1621 promittit
2026 1544 2252 1621 premia
2291 1545 2496 1618 seruis,

971 1647 1104 1706 Nec
1142 1654 1506 1703 memoratur
1545 1660 1635 1714 eo,
1677 1659 1819 1701 cum
1862 1642 2019 1703 bene
2056 1642 2198 1702 fecit
2238 1644 2440 1703 homo,

973 1744 1077 1803 Nil
1115 1752 1285 1801 vetus
1327 1740 1602 1818 exemplo
1642 1758 1807 1799 nunc
1846 1742 2047 1817 regula
2088 1741 2319 1814 sufficit,
2364 1741 2553 1801 immo

970 1844 1127 1903 Acta
1166 1841 1304 1899 loco
1345 1840 1486 1899 iuris
1526 1839 1815 1899 ammodo
1854 1840 2007 1899 velle
2048 1848 2229 1916 reget.

1055 1972 1166 2032 Est
1205 1971 1392 2031 modo
1433 1970 1513 2030 sel
1553 1968 1764 2043 mellis,
1809 1978 1869 2029 et
1908 1969 2062 2029 liuor
2100 1970 2319 2030 amoris
2358 1970 2438 2029 ad
2479 1970 2702 2047 instar3

976 2068 1163 2145 Quod
1201 2077 1366 2146 patet
1407 2067 1678 2139 exterius,
1724 2067 1842 2127 hoc
1882 2067 2065 2127 nichil
2107 2066 2268 2127 intus
2308 2068 2507 2128 habet.

971 2169 1108 2227 Vox
1150 2168 1298 2227 leuis
1339 2166 1440 2225 illa
1483 2164 1688 2238 Iacob,
1736 2166 1897 2224 Esau
1938 2183 2151 2225 manus
2194 2167 2431 2243 hispida
2473 2184 2663 2244 nuper

975 2263 1300 2337 Fallebant,
1346 2273 1435 2323 set
1477 2262 1558 2323 ob
1600 2263 1718 2322 hoc
1759 2264 1925 2339 signa
1965 2263 2161 2323 futura
2200 2262 2461 2325 dabant:

974 2360 1283 2438 Quicquid
1323 2359 1506 2420 verba
1545 2360 1743 2419 ferunt
1782 2360 1970 2420 modo
2012 2379 2152 2419 nam
2198 2360 2480 2422 bonitatis
2520 2363 2599 2423 ad
2640 2381 2829 2437 aures,

975 2460 1132 2520 Cum
1173 2455 1388 2534 probat
1429 2455 1577 2516 illud
1617 2475 1770 2532 opus
1812 2466 1997 2530 actus,
2042 2459 2248 2535 iniqua
2287 2460 2451 2536 gerit.

973 2556 1170 2619 Cessit
1209 2556 1440 2615 iusticia
1480 2556 1778 2630 cessitque
1819 2555 1969 2615 fides
2011 2556 2249 2629 sociata,

977 2655 1176 2726 Fraus,
1223 2652 1398 2713 dolus
1439 2661 1622 2728 atque
1664 2670 1839 2711 suum
1882 2654 2000 2713 iam
2045 2653 2281 2714 subiere
2323 2654 2539 2715 locum.

975 2751 1034 2811 N
1038 2769 1157 2810 unc
1197 2750 1345 2811 socii
1387 2750 1581 2809 luctus
1623 2750 1789 2809 socio
1829 2751 1993 2810 velut
2034 2770 2253 2828 organa
2293 2753 2624 2829 plaudunt3

972 2851 1145 2909 Vnus
1185 2849 1235 2908 si
1278 2848 1474 2925 presit,
1518 2846 1746 2907 invidet
1783 2849 1932 2909 alter
1972 2849 2044 2909 ei.

947 2949 1069 3007 'Ex
1109 2946 1376 3023 dampno
1416 2943 1604 3006 fratris
1646 2946 1823 3007 frater
1864 2966 1973 3007 sua
2013 2948 2335 3008 commoda
2376 2950 2586 3026 querit,

976 3046 1057 3105 Et
1097 3063 1263 3105 soror
1301 3045 1380 3105 ad
1421 3045 1662 3105 laudem
1704 3063 1837 3105 raro
1878 3046 2093 3106 sororis
2132 3047 2288 3123 agit:

978 3142 1162 3202 Filius
1205 3142 1268 3200 in
1311 3150 1500 3201 matre
1540 3142 1658 3201 iam
1702 3143 1884 3202 sentit
1924 3142 2145 3204 habere
2187 3161 2526 3218 noueroem,

978 3238 1170 3300 Sentit
1212 3249 1274 3300 et
1314 3238 1430 3298 hec
1470 3240 1592 3299 nati
1634 3241 1889 3316 plurima
1930 3241 2085 3300 facta
2126 3241 2287 3301 doli:

978 3338 1128 3397 Filia
1169 3346 1469 3396 maternos
1510 3346 1678 3397 actus
1721 3338 2025 3411 detractat,
2070 3348 2131 3399 et
2174 3340 2301 3415 ipsa

978 3436 1174 3495 Mater
1216 3435 1333 3493 iam
1377 3444 1577 3493 natam
1621 3436 1846 3512 spernit
1886 3444 1948 3496 et
1990 3436 2119 3496 odit
2159 3455 2311 3497 eam.

978 3533 1162 3592 Filius
1203 3540 1344 3591 ante
1385 3531 1546 3591 diem
1589 3532 1811 3608 patrios
1852 3533 1971 3592 iam
2016 3543 2245 3611 spectat
2286 3536 2349 3593 in
2388 3553 2598 3611 annos,

977 3630 1110 3691 Nec
1123 3628 1306 3689 ‘videt
1345 3647 1419 3689 ex
1460 3629 1648 3689 oculis
1689 3648 1833 3690 ceca
1872 3631 2095 3707 cupido
2131 3632 2287 3691 suis:

977 3728 1066 3788 Sit
1105 3726 1242 3786 licet
1283 3728 1411 3804 ipse
1449 3745 1682 3805 parens,
1728 3728 1882 3788 natis
1924 3729 2123 3789 minus
2164 3730 2383 3808 impius
2424 3731 2554 3808 ipse

978 3824 1122 3884 Non
1164 3834 1272 3897 est,
1316 3844 1428 3886 nec
1469 3828 1665 3886 cordis
1705 3828 1931 3887 viscera
1972 3830 2169 3905 suplet
2208 3831 2331 3890 eis:

980 3922 1196 3982 Nullus
1236 3939 1405 3982 amor
1443 3923 1630 3999 parcit
1670 3924 1951 4001 cuiquam
1994 3944 2175 4003 quem
2218 3927 2417 3988 ledere
2459 3929 2685 4005 possit3

975 4018 1164 4095 Quod
1205 4020 1447 4079 voluere
1487 4019 1628 4093 du0,
1673 4019 1891 4080 tercius
1932 4040 2063 4083 esse
2103 4033 2297 4101 negat.

978 4116 1157 4177 Plebs
1198 4116 1328 4178 sine
1369 4116 1494 4177 iure
1534 4128 1755 4191 manet,
1800 4138 1923 4179 non
1966 4131 2055 4180 est
2096 4123 2199 4198 qui
2241 4124 2369 4182 iura
2406 4132 2623 4198 tuetur,

980 4214 1120 4275 Non
1164 4225 1254 4274 est
1293 4215 1398 4291 qui
1437 4214 1615 4290 dicat,
1663 4220 1679 4247 ‘
1699 4220 1839 4277 Iura
1878 4229 2081 4279 tenere
2120 4219 2331 4280 decet!

979 4313 1216 4373 Viuitur
1256 4332 1329 4375 ex
1369 4324 1555 4392 rapte,
1600 4316 1696 4376 vix
1738 4316 1957 4394 hospes
1998 4315 2076 4378 ab
2116 4318 2353 4395 hospite
2395 4329 2576 4394 tutus,

1511 4452 1605 4501 291
1635 4436 1893 4501 ordinum
1906 4447 2115 4506 paragr.
2138 4440 2325 4491 clem.

2916 870 3025 919 280

2918 1865 3021 1917 ²90

2918 2876 3017 2925 300

2918 3810 3020 3908 31'0
