3434 5142
1168 452 1455 517 LIBER
1514 452 1878 520 PRIMUS
2549 462 2629 539 65

582 614 781 673 Tanta
821 629 957 673 mee
998 612 1153 672 lasse
1194 612 1384 674 suerat
1424 613 1727 677 discordia
1767 616 2004 691 mentis,

584 710 773 786 Quod
812 711 983 787 potui
1023 730 1237 771 sensus
1276 712 1373 771 vix
1414 713 1669 773 retinere
1710 732 1896 779 meos-

472 825 480 833 ·
588 808 753 883 Quid
793 808 979 868 miehi
1021 819 1165 869 tunc
1205 810 1391 869 animi
1432 811 1543 871 suit
1583 822 1687 873 aut
1728 812 1878 889 quid
1917 811 2128 873 debuit
2165 830 2317 888 esse,

586 906 744 968 Cum
788 905 971 966 michi
1012 924 1138 967 rem
1180 916 1403 967 certam
1444 926 1608 969 mors
1648 928 1850 988 neque
1888 910 2010 973 vita
2049 911 2228 971 tulit?
2499 919 2628 984 1560

586 1004 767 1063 Nunc
808 1004 888 1077 id,
934 1022 1099 1063 nunc
1138 1004 1319 1078 aliud,
1363 1004 1635 1066 dubitata
1676 1018 1884 1068 mente
1923 1008 2171 1082 reuolui,

585 1101 729 1177 Quo
768 1101 953 1164 michi
995 1102 1161 1163 nulla
1201 1104 1373 1180 quies
1414 1104 1481 1163 fit
1522 1122 1722 1181 neque
1762 1104 1882 1165 leta
1922 1104 2069 1165 dies.

585 1198 745 1263 Cum
788 1199 897 1260 fuit
938 1198 1001 1258 in
1042 1202 1315 1277 sompnis
1354 1220 1491 1261 mea
1531 1202 1882 1279 desperacio
1922 1202 2128 1275 maior,

585 1298 819 1375 Exiguo
860 1298 984 1362 dixi
1026 1300 1167 1359 talia
1206 1299 1389 1361 verba
1429 1318 1617 1365 sono:

586 1397 603 1427 ‘
620 1395 912 1458 Crudeles
954 1398 1211 1474 sompni,
1256 1416 1362 1457 cur
1402 1416 1501 1459 me
1539 1399 1816 1460 tenuistis
1857 1399 2196 1461 inermem?

584 1492 751 1569 Quin
793 1495 955 1571 prius
996 1494 1241 1557 instanti
1285 1507 1476 1557 morte
1515 1497 1878 1574 premendus
1919 1497 2118 1558 eram!

583 1592 795 1669 Arguit
834 1611 977 1670 ergo
1016 1612 1187 1653 meos
1228 1594 1313 1655 ita
1354 1612 1525 1654 mens
1566 1613 1752 1672 quam
1793 1612 1936 1672 sepe
1978 1595 2236 1673 doloreS,

588 1689 788 1763 ‘Quid
827 1689 937 1751 fles
956 1692 985 1750 Ρ
1030 1690 1131 1750 hic
1170 1710 1359 1768 paruo
1398 1693 1705 1769 tempore‚’
1745 1691 1910 1765 dixit,
1954 1696 1970 1723 ⁸
1989 1693 2139 1753 eris?

663 1787 762 1848 Sic
803 1798 1053 1849 tenuant
1093 1790 1299 1867 vigiles
1341 1788 1557 1865 corpus
1597 1788 1936 1851 miserabile
1977 1806 2138 1867 cure,

585 1885 753 1959 Quas
796 1886 955 1964 vigili
996 1897 1201 1948 mente
1241 1886 1517 1963 sompnia
1558 1887 1709 1947 ferre
1750 1886 2018 1949 dabant:
2495 1906 2624 1963 1570

584 1983 693 2043 Me
732 1984 911 2044 timor
951 1986 1189 2059 inuasit,
1232 1984 1463 2045 stabam
1505 1984 1637 2045 sine
1674 1985 1904 2045 lumine
1945 1994 2188 2057 mestuS,

584 2081 666 2140 Et
704 2082 873 2141 color
912 2082 975 2141 in
1016 2084 1183 2142 vultu
1224 2083 1441 2160 linquit
1474 2081 1697 2143 habere
1736 2100 1959 2159 genas:

581 2178 891 2240 Attonitus
932 2189 1101 2241 tanto
1144 2181 1491 2241 miserarum
1532 2180 1772 2241 turbine
1814 2197 2028 2255 rerum,

582 2277 667 2337 Vt
708 2277 857 2354 lapis
898 2296 937 2339 a
976 2290 1181 2339 mente
1222 2296 1366 2355 sepe
1407 2289 1673 2339 remotus
1715 2296 1897 2338 eram.

583 2376 763 2436 Mens
804 2386 1008 2436 tamen
1050 2386 1111 2435 vt
1152 2375 1344 2450 rediit,
1390 2377 1607 2453 pariter
1645 2377 1892 2437 rediere
1931 2375 2190 2449 doloreS‚

584 2473 847 2535 Mortem
889 2474 1037 2535 dum
1078 2475 1267 2535 menti
1308 2475 1429 2534 vita
1470 2492 1685 2551 negare
1729 2473 1976 2551 nequit:

584 2569 683 2631 Sic
724 2581 977 2632 mortem
1018 2574 1267 2649 cupiens
1308 2572 1479 2633 timui
1520 2572 1788 2650 presagia
1829 2571 2054 2645 mortis

582 2670 717 2730 Nee
755 2670 883 2733 fore
920 2670 1070 2747 quid
1111 2672 1325 2731 melius
1367 2688 1539 2731 mens
1580 2670 1762 2729 michi
1805 2670 1929 2731 fida
1969 2670 2160 2731 refert.

579 2767 796 2828 Verbis
838 2768 1213 2845 planxissem,
1256 2779 1347 2830 set
1387 2769 1613 2829 viscera
1652 2768 1832 2845 plena
1871 2767 2082 2827 dolore

581 2866 921 2941 obsistunt,
960 2884 1075 2927 nec
1118 2884 1193 2927 eo
1234 2878 1505 2944 tempore
1545 2865 1727 2927 verba
1769 2866 2016 2939 sinunt3
2491 2876 2622 2939 1580

579 2960 776 3024 Obice
817 2964 1077 3041 singultu
1120 2965 1283 3025 vocis
1326 2964 1487 3025 stetit
1529 2964 1790 3040 impetus
1831 2963 2077 3023 horrens

580 3062 931 3123 Aduentum
973 3062 1233 3137 laci-ime,
1275 3064 1479 3141 lingua
1518 3063 1776 3123 refrenat
1815 3061 1944 3121 iter.

582 3159 693 3219 Est
732 3160 913 3219 michi
957 3160 1077 3221 vita
1118 3161 1287 3235 mori,
1333 3179 1495 3221 mors
1535 3160 1756 3233 viuere,
1800 3176 1962 3218 mors
2003 3156 2188 3219 michi
2229 3157 2350 3218 vita

582 3257 831 3318 Dulcior
870 3267 976 3332 est,
1020 3259 1250 3319 redolet
1292 3260 1493 3320 viuere
1532 3258 1742 3317 mortis
1780 3274 1988 3317 amor:

580 3355 772 3427 Solus,
817 3356 1010 3433 inopS,
1055 3374 1251 3433 expes,
1294 3357 1417 3417 vite
1456 3373 1736 3434 peneque
1775 3353 2032 3429 relictus,

578 3453 828 3513 Attendi
870 3453 921 3512 si
960 3471 1082 3532 que
1122 3473 1249 3515 sors
1289 3472 1425 3514 mea
1464 3462 1627 3515 certa
1666 3454 1836 3513 soret.

578 3546 749 3609 Talia
789 3552 937 3611 mira
978 3552 1155 3611 nimis
1198 3552 1445 3629 longum
1486 3551 1783 3611 narranda
1823 3568 1928 3627 per
1967 3566 2214 3623 annum,

579 3647 719 3723 Que
760 3647 947 3709 modo
987 3648 1083 3709 vix
1124 3650 1347 3723 recolo,
1386 3658 1533 3709 tunc
1572 3646 1853 3726 paciebat
1893 3664 2023 3724 ego·

578 3746 743 3806 Scire
784 3764 953 3806 meos
993 3764 1165 3807 casus
1208 3748 1259 3806 si
1300 3746 1437 3823 quis
1475 3747 1776 3807 desiderat
1818 3762 2050 3817 omnes,

580 3838 723 3913 Quo
762 3840 972 3916 loquar
1011 3840 1124 3899 hos
1165 3840 1350 3901 finem
1391 3858 1518 3899 non
1558 3839 1742 3900 breue
1783 3848 2022 3914 tempus
2062 3834 2282 3901 habet:
2489 3860 2618 3911 1590

578 3936 677 3996 Sic
718 3947 923 3998 tamen
964 3938 1027 3996 in
1068 3937 1243 3997 variis
1286 3956 1423 3998 mea
1463 3938 1617 3997 lassa
1657 3934 1970 3998 doloribus
2011 3935 2141 4011 ipse

577 4035 881 4112 Tempora
921 4036 1281 4099 continuans
1321 4035 1619 4113 asperiora
1661 4034 1787 4094 tuli.

480 4202 609 4251 1575
642 4188 813 4238 redire
837 4188 991 4239 EHD
1128 4190 1256 4253 1588
1277 4189 1397 4252 Que
1420 4188 1573 4239 modo
1596 4186 1742 4239 SGD
1809 4184 1926 4249 Quo
1949 4186 2102 4236 modo
2119 4184 2171 4236 Η
2241 4186 2512 4249 Quomodo
2527 4185 2616 4234 ΟΕ

412 4282 541 4331 1591
579 4265 637 4318 Si
658 4267 699 4319 S
1400 4300 1409 4309 -

494 4520 637 4557 *tt*
1495 4538 1531 4581 F
