<?xml version="1.0" encoding="UTF-8"?>
<!DOCTYPE html PUBLIC "-//W3C//DTD XHTML 1.0 Transitional//EN"
    "http://www.w3.org/TR/xhtml1/DTD/xhtml1-transitional.dtd">
<html xmlns="http://www.w3.org/1999/xhtml" xml:lang="en" lang="en">
 <head>
  <title>
</title>
<meta http-equiv="Content-Type" content="text/html;charset=utf-8" />
  <meta name='ocr-system' content='tesseract 3.04.00' />
  <meta name='ocr-capabilities' content='ocr_page ocr_carea ocr_par ocr_line ocrx_word'/>
</head>
<body>
  <div class='ocr_page' id='page_1' title='image "./completeworksjo01macagoog_0148.png"; bbox 0 0 3434 5142; ppageno 0'>
   <div class='ocr_carea' id='block_1_1' title="bbox 792 479 875 561">
    <p class='ocr_par' dir='ltr' id='par_1_1' title="bbox 792 479 875 561">
     <span class='ocr_line' id='line_1_1' title="bbox 792 479 875 561; baseline 0 -19"><span class='ocrx_word' id='word_1_1' title='bbox 792 479 875 561; x_wconf 83' lang='lat'>58</span> 
     </span>
    </p>
   </div>
   <div class='ocr_carea' id='block_1_2' title="bbox 1500 474 2299 542">
    <p class='ocr_par' dir='ltr' id='par_1_2' title="bbox 1500 474 2299 542">
     <span class='ocr_line' id='line_1_2' title="bbox 1500 474 2299 542; baseline 0 -3"><span class='ocrx_word' id='word_1_2' title='bbox 1500 475 1700 542; x_wconf 88' lang='lat' dir='ltr'>VOX</span> <span class='ocrx_word' id='word_1_3' title='bbox 1756 474 2299 541; x_wconf 87' lang='lat' dir='ltr'><strong>CLAMANTIS</strong></span> 
     </span>
    </p>
   </div>
   <div class='ocr_carea' id='block_1_3' title="bbox 950 636 3032 4437">
    <p class='ocr_par' dir='ltr' id='par_1_3' title="bbox 960 636 3002 1403">
     <span class='ocr_line' id='line_1_3' title="bbox 961 636 2854 718; baseline -0.001 -17"><span class='ocrx_word' id='word_1_4' title='bbox 961 650 975 671; x_wconf 82' lang='lat'>⁸</span> <span class='ocrx_word' id='word_1_5' title='bbox 1001 642 1051 701; x_wconf 94' lang='lat' dir='ltr'>F</span> <span class='ocrx_word' id='word_1_6' title='bbox 1052 660 1132 711; x_wconf 89' lang='lat' dir='ltr'>er,</span> <span class='ocrx_word' id='word_1_7' title='bbox 1172 639 1419 718; x_wconf 88' lang='lat' dir='ltr'>precor,’</span> <span class='ocrx_word' id='word_1_8' title='bbox 1460 640 1670 717; x_wconf 90' lang='lat' dir='ltr'>inquit,</span> <span class='ocrx_word' id='word_1_9' title='bbox 1713 643 1729 671; x_wconf 80' lang='lat'>⁸</span> <span class='ocrx_word' id='word_1_10' title='bbox 1747 656 1947 714; x_wconf 88' lang='lat' dir='ltr'>opem,</span> <span class='ocrx_word' id='word_1_11' title='bbox 1990 647 2316 713; x_wconf 86' lang='lat' dir='ltr'>nostroque</span> <span class='ocrx_word' id='word_1_12' title='bbox 2355 636 2600 699; x_wconf 82' lang='lat' dir='ltr'>medere</span> <span class='ocrx_word' id='word_1_13' title='bbox 2639 637 2854 711; x_wconf 87' lang='lat' dir='ltr'>timori,</span> 
     </span>
     <span class='ocr_line' id='line_1_4' title="bbox 960 734 3002 817; baseline -0.001 -19"><span class='ocrx_word' id='word_1_14' title='bbox 960 739 1237 817; x_wconf 89' lang='lat' dir='ltr'>Egraque</span> <span class='ocrx_word' id='word_1_15' title='bbox 1277 758 1405 799; x_wconf 87' lang='lat' dir='ltr'>sors</span> <span class='ocrx_word' id='word_1_16' title='bbox 1445 736 1639 815; x_wconf 88' lang='lat' dir='ltr'>abeat,</span> <span class='ocrx_word' id='word_1_17' title='bbox 1684 756 1725 797; x_wconf 93' lang='lat' dir='ltr'>o</span> <span class='ocrx_word' id='word_1_18' title='bbox 1766 737 1916 797; x_wconf 86' lang='lat' dir='ltr'>deus</span> <span class='ocrx_word' id='word_1_19' title='bbox 1938 738 1952 795; x_wconf 81' lang='lat' dir='ltr'>l</span> <span class='ocrx_word' id='word_1_20' title='bbox 1972 736 1986 763; x_wconf 86' lang='lat'>²</span> <span class='ocrx_word' id='word_1_21' title='bbox 2029 734 2226 795; x_wconf 87' lang='lat' dir='ltr'>omnis</span> <span class='ocrx_word' id='word_1_22' title='bbox 2265 735 2366 795; x_wconf 85' lang='lat' dir='ltr'>ait.</span> <span class='ocrx_word' id='word_1_23' title='bbox 2869 758 3002 811; x_wconf 82' lang='lat'>1290</span> 
     </span>
     <span class='ocr_line' id='line_1_5' title="bbox 960 831 2616 917; baseline -0.002 -20"><span class='ocrx_word' id='word_1_24' title='bbox 960 838 1245 898; x_wconf 89' lang='lat' dir='ltr'>Rusticus</span> <span class='ocrx_word' id='word_1_25' title='bbox 1287 837 1576 917; x_wconf 78' lang='lat' dir='ltr'><strong>ingenuis,</strong></span> <span class='ocrx_word' id='word_1_26' title='bbox 1621 840 1636 867; x_wconf 89' lang='lat'>‘</span> <span class='ocrx_word' id='word_1_27' title='bbox 1655 836 1785 895; x_wconf 88' lang='lat' dir='ltr'><strong>Stat</strong></span> <span class='ocrx_word' id='word_1_28' title='bbox 1826 852 2042 912; x_wconf 83' lang='lat' dir='ltr'>magna</span> <span class='ocrx_word' id='word_1_29' title='bbox 2083 834 2365 910; x_wconf 85' lang='lat' dir='ltr'>potencia</span> <span class='ocrx_word' id='word_1_30' title='bbox 2405 831 2616 904; x_wconf 55' lang='lat' dir='ltr'>nobis?</span> 
     </span>
     <span class='ocr_line' id='line_1_6' title="bbox 962 931 2425 1009; baseline -0.005 -12"><span class='ocrx_word' id='word_1_31' title='bbox 962 936 1223 1009; x_wconf 79' lang='lat' dir='ltr'>Dixerat,</span> <span class='ocrx_word' id='word_1_32' title='bbox 1271 940 1285 965; x_wconf 94' lang='lat'>‘</span> <span class='ocrx_word' id='word_1_33' title='bbox 1302 945 1364 996; x_wconf 86' lang='lat' dir='ltr'>et</span> <span class='ocrx_word' id='word_1_34' title='bbox 1404 945 1598 996; x_wconf 89' lang='lat' dir='ltr'>vester</span> <span class='ocrx_word' id='word_1_35' title='bbox 1634 933 1924 995; x_wconf 82' lang='lat' dir='ltr'><strong>ammodo</strong></span> <span class='ocrx_word' id='word_1_36' title='bbox 1965 942 2156 993; x_wconf 71' lang='lat' dir='ltr'>cesset</span> <span class='ocrx_word' id='word_1_37' title='bbox 2193 931 2425 991; x_wconf 67' lang='lat' dir='ltr'>honor!</span> 
     </span>
     <span class='ocr_line' id='line_1_7' title="bbox 961 1029 2478 1111; baseline -0.003 -17"><span class='ocrx_word' id='word_1_38' title='bbox 961 1033 1020 1095; x_wconf 94' lang='grc' dir='ltr'><strong>Ο</strong></span> <span class='ocrx_word' id='word_1_39' title='bbox 1060 1051 1250 1111; x_wconf 83' lang='lat' dir='ltr'>genus</span> <span class='ocrx_word' id='word_1_40' title='bbox 1292 1031 1613 1094; x_wconf 88' lang='lat' dir='ltr'>attonitum</span> <span class='ocrx_word' id='word_1_41' title='bbox 1653 1031 1852 1107; x_wconf 85' lang='lat' dir='ltr'>gelide</span> <span class='ocrx_word' id='word_1_42' title='bbox 1892 1029 2210 1091; x_wconf 82' lang='lat' dir='ltr'>formidine</span> <span class='ocrx_word' id='word_1_43' title='bbox 2253 1029 2478 1100; x_wconf 75' lang='lat' dir='ltr'>mortiS,</span> 
     </span>
     <span class='ocr_line' id='line_1_8' title="bbox 960 1128 2322 1208; baseline -0.004 -15"><span class='ocrx_word' id='word_1_44' title='bbox 960 1132 1162 1208; x_wconf 90' lang='lat' dir='ltr'>Quam</span> <span class='ocrx_word' id='word_1_45' title='bbox 1202 1132 1424 1193; x_wconf 84' lang='lat' dir='ltr'>variata</span> <span class='ocrx_word' id='word_1_46' title='bbox 1464 1129 1573 1191; x_wconf 91' lang='lat' dir='ltr'>tibi</span> <span class='ocrx_word' id='word_1_47' title='bbox 1614 1148 1744 1189; x_wconf 88' lang='lat' dir='ltr'>sors</span> <span class='ocrx_word' id='word_1_48' title='bbox 1782 1129 1952 1190; x_wconf 86' lang='lat' dir='ltr'>dedit</span> <span class='ocrx_word' id='word_1_49' title='bbox 1993 1129 2106 1188; x_wconf 87' lang='lat' dir='ltr'>ista</span> <span class='ocrx_word' id='word_1_50' title='bbox 2145 1128 2322 1187; x_wconf 87' lang='lat' dir='ltr'>mali!</span> 
     </span>
     <span class='ocr_line' id='line_1_9' title="bbox 962 1226 2470 1303; baseline -0.003 -13"><span class='ocrx_word' id='word_1_51' title='bbox 962 1232 1071 1290; x_wconf 90' lang='lat' dir='ltr'>Est</span> <span class='ocrx_word' id='word_1_52' title='bbox 1112 1230 1174 1291; x_wconf 91' lang='lat' dir='ltr'>in</span> <span class='ocrx_word' id='word_1_53' title='bbox 1215 1230 1505 1292; x_wconf 85' lang='lat' dir='ltr'>thesauris</span> <span class='ocrx_word' id='word_1_54' title='bbox 1547 1226 1902 1289; x_wconf 87' lang='lat' dir='ltr'>abscondita</span> <span class='ocrx_word' id='word_1_55' title='bbox 1941 1244 2122 1286; x_wconf 86' lang='lat' dir='ltr'>causa</span> <span class='ocrx_word' id='word_1_56' title='bbox 2163 1226 2470 1303; x_wconf 85' lang='lat' dir='ltr'>supremis,</span> 
     </span>
     <span class='ocr_line' id='line_1_10' title="bbox 960 1324 2296 1403; baseline -0.004 -15"><span class='ocrx_word' id='word_1_57' title='bbox 960 1326 1085 1388; x_wconf 90' lang='lat' dir='ltr'>Cur</span> <span class='ocrx_word' id='word_1_58' title='bbox 1127 1327 1241 1387; x_wconf 89' lang='lat' dir='ltr'>ruit</span> <span class='ocrx_word' id='word_1_59' title='bbox 1282 1326 1575 1403; x_wconf 87' lang='lat' dir='ltr'>ingenuos</span> <span class='ocrx_word' id='word_1_60' title='bbox 1612 1334 1780 1385; x_wconf 86' lang='lat' dir='ltr'>tanta</span> <span class='ocrx_word' id='word_1_61' title='bbox 1819 1324 2079 1401; x_wconf 82' lang='lat' dir='ltr'>procella</span> <span class='ocrx_word' id='word_1_62' title='bbox 2119 1324 2296 1383; x_wconf 76' lang='lat' dir='ltr'>viros·</span> 
     </span>
    </p>

    <p class='ocr_par' dir='ltr' id='par_1_4' title="bbox 954 1422 3001 2969">
     <span class='ocr_line' id='line_1_11' title="bbox 1041 1422 2686 1502; baseline -0.002 -17"><span class='ocrx_word' id='word_1_63' title='bbox 1041 1426 1164 1485; x_wconf 83' lang='lat' dir='ltr'>Pax</span> <span class='ocrx_word' id='word_1_64' title='bbox 1204 1425 1357 1502; x_wconf 88' lang='lat' dir='ltr'>perit</span> <span class='ocrx_word' id='word_1_65' title='bbox 1396 1434 1579 1501; x_wconf 89' lang='lat' dir='ltr'>atque</span> <span class='ocrx_word' id='word_1_66' title='bbox 1616 1424 1806 1500; x_wconf 75' lang='lat' dir='ltr'>quieS,</span> <span class='ocrx_word' id='word_1_67' title='bbox 1847 1422 2130 1481; x_wconf 88' lang='lat' dir='ltr'>animalia</span> <span class='ocrx_word' id='word_1_68' title='bbox 2170 1439 2434 1499; x_wconf 84' lang='lat' dir='ltr'>namque</span> <span class='ocrx_word' id='word_1_69' title='bbox 2473 1422 2686 1499; x_wconf 88' lang='lat' dir='ltr'>pusilla</span> 
     </span>
     <span class='ocr_line' id='line_1_12' title="bbox 961 1518 2318 1599; baseline -0.001 -17"><span class='ocrx_word' id='word_1_70' title='bbox 961 1521 1272 1599; x_wconf 88' lang='lat' dir='ltr'>Intrepido</span> <span class='ocrx_word' id='word_1_71' title='bbox 1311 1521 1495 1582; x_wconf 91' lang='lat' dir='ltr'>corde</span> <span class='ocrx_word' id='word_1_72' title='bbox 1536 1520 1693 1581; x_wconf 86' lang='lat' dir='ltr'>bella</span> <span class='ocrx_word' id='word_1_73' title='bbox 1733 1519 2048 1581; x_wconf 86' lang='lat' dir='ltr'>tremenda</span> <span class='ocrx_word' id='word_1_74' title='bbox 2086 1518 2318 1581; x_wconf 83' lang='lat' dir='ltr'>ferunt:</span> 
     </span>
     <span class='ocr_line' id='line_1_13' title="bbox 959 1616 2548 1695; baseline -0.001 -16"><span class='ocrx_word' id='word_1_75' title='bbox 959 1620 1100 1695; x_wconf 87' lang='lat' dir='ltr'>Que</span> <span class='ocrx_word' id='word_1_76' title='bbox 1140 1620 1371 1680; x_wconf 83' lang='lat' dir='ltr'>fuerant</span> <span class='ocrx_word' id='word_1_77' title='bbox 1411 1618 1595 1695; x_wconf 90' lang='lat' dir='ltr'>prede</span> <span class='ocrx_word' id='word_1_78' title='bbox 1636 1635 1844 1695; x_wconf 87' lang='lat' dir='ltr'>nuper,</span> <span class='ocrx_word' id='word_1_79' title='bbox 1887 1616 2002 1677; x_wconf 90' lang='lat' dir='ltr'>sibi</span> <span class='ocrx_word' id='word_1_80' title='bbox 2045 1634 2294 1694; x_wconf 90' lang='lat' dir='ltr'>querere</span> <span class='ocrx_word' id='word_1_81' title='bbox 2332 1616 2548 1695; x_wconf 86' lang='lat' dir='ltr'>predas</span> 
     </span>
     <span class='ocr_line' id='line_1_14' title="bbox 956 1714 3001 1795; baseline -0.002 -19"><span class='ocrx_word' id='word_1_82' title='bbox 956 1717 1120 1789; x_wconf 89' lang='lat' dir='ltr'>Vidi,</span> <span class='ocrx_word' id='word_1_83' title='bbox 1163 1727 1254 1778; x_wconf 90' lang='lat' dir='ltr'>set</span> <span class='ocrx_word' id='word_1_84' title='bbox 1294 1716 1479 1795; x_wconf 90' lang='lat' dir='ltr'>preda</span> <span class='ocrx_word' id='word_1_85' title='bbox 1520 1716 1685 1775; x_wconf 87' lang='lat' dir='ltr'>nulla</span> <span class='ocrx_word' id='word_1_86' title='bbox 1725 1714 1943 1775; x_wconf 72' lang='lat' dir='ltr'>resistit</span> <span class='ocrx_word' id='word_1_87' title='bbox 1983 1715 2087 1775; x_wconf 74' lang='lat' dir='ltr'>eis..</span> <span class='ocrx_word' id='word_1_88' title='bbox 2871 1734 3001 1785; x_wconf 80' lang='lat'>1300</span> 
     </span>
     <span class='ocr_line' id='line_1_15' title="bbox 958 1813 2443 1890; baseline -0.001 -16"><span class='ocrx_word' id='word_1_89' title='bbox 958 1816 1103 1877; x_wconf 90' lang='lat' dir='ltr'>Vidi</span> <span class='ocrx_word' id='word_1_90' title='bbox 1144 1834 1285 1875; x_wconf 88' lang='lat' dir='ltr'>nam</span> <span class='ocrx_word' id='word_1_91' title='bbox 1326 1814 1556 1875; x_wconf 89' lang='lat' dir='ltr'>catulos</span> <span class='ocrx_word' id='word_1_92' title='bbox 1598 1813 1882 1874; x_wconf 88' lang='lat' dir='ltr'>minimos</span> <span class='ocrx_word' id='word_1_93' title='bbox 1921 1813 2143 1890; x_wconf 85' lang='lat' dir='ltr'>agitare</span> <span class='ocrx_word' id='word_1_94' title='bbox 2183 1813 2443 1885; x_wconf 88' lang='lat' dir='ltr'>leonem,</span> 
     </span>
     <span class='ocr_line' id='line_1_16' title="bbox 962 1910 2404 1987; baseline -0.002 -12"><span class='ocrx_word' id='word_1_95' title='bbox 962 1915 1093 1976; x_wconf 92' lang='lat' dir='ltr'>Nec</span> <span class='ocrx_word' id='word_1_96' title='bbox 1132 1914 1267 1974; x_wconf 88' lang='lat' dir='ltr'>loca</span> <span class='ocrx_word' id='word_1_97' title='bbox 1308 1922 1439 1972; x_wconf 86' lang='lat' dir='ltr'>tuta</span> <span class='ocrx_word' id='word_1_98' title='bbox 1477 1910 1595 1972; x_wconf 86' lang='lat' dir='ltr'>sibi</span> <span class='ocrx_word' id='word_1_99' title='bbox 1635 1921 1782 1971; x_wconf 88' lang='lat' dir='ltr'>tunc</span> <span class='ocrx_word' id='word_1_100' title='bbox 1824 1911 2143 1987; x_wconf 85' lang='lat' dir='ltr'>leopardus</span> <span class='ocrx_word' id='word_1_101' title='bbox 2184 1912 2404 1973; x_wconf 86' lang='lat' dir='ltr'>habet:</span> 
     </span>
     <span class='ocr_line' id='line_1_17' title="bbox 955 2010 2458 2089; baseline -0.001 -18"><span class='ocrx_word' id='word_1_102' title='bbox 955 2013 1187 2089; x_wconf 91' lang='lat' dir='ltr'>Aspera</span> <span class='ocrx_word' id='word_1_103' title='bbox 1226 2028 1366 2088; x_wconf 84' lang='lat' dir='ltr'>grex</span> <span class='ocrx_word' id='word_1_104' title='bbox 1406 2010 1613 2070; x_wconf 89' lang='lat' dir='ltr'>ouium</span> <span class='ocrx_word' id='word_1_105' title='bbox 1653 2010 1876 2085; x_wconf 85' lang='lat' dir='ltr'>pastori</span> <span class='ocrx_word' id='word_1_106' title='bbox 1917 2028 2142 2069; x_wconf 89' lang='lat' dir='ltr'>cornua</span> <span class='ocrx_word' id='word_1_107' title='bbox 2183 2010 2458 2081; x_wconf 90' lang='lat' dir='ltr'>tendunt,</span> 
     </span>
     <span class='ocr_line' id='line_1_18' title="bbox 957 2106 2390 2184; baseline -0.003 -13"><span class='ocrx_word' id='word_1_108' title='bbox 957 2110 1174 2171; x_wconf 87' lang='lat' dir='ltr'>Cordis</span> <span class='ocrx_word' id='word_1_109' title='bbox 1216 2118 1277 2169; x_wconf 90' lang='lat' dir='ltr'>et</span> <span class='ocrx_word' id='word_1_110' title='bbox 1320 2108 1511 2168; x_wconf 81' lang='lat' dir='ltr'>effuso</span> <span class='ocrx_word' id='word_1_111' title='bbox 1551 2108 1842 2184; x_wconf 86' lang='lat' dir='ltr'>sanguine</span> <span class='ocrx_word' id='word_1_112' title='bbox 1880 2108 2069 2169; x_wconf 88' lang='lat' dir='ltr'>tincta</span> <span class='ocrx_word' id='word_1_113' title='bbox 2109 2106 2390 2168; x_wconf 84' lang='lat' dir='ltr'>madent:</span> 
     </span>
     <span class='ocr_line' id='line_1_19' title="bbox 960 2204 2389 2285; baseline -0.003 -18"><span class='ocrx_word' id='word_1_114' title='bbox 960 2207 1419 2285; x_wconf 90' lang='lat' dir='ltr'>Postpositaque</span> <span class='ocrx_word' id='word_1_115' title='bbox 1458 2205 1581 2266; x_wconf 86' lang='lat' dir='ltr'>fide</span> <span class='ocrx_word' id='word_1_116' title='bbox 1622 2205 1819 2278; x_wconf 89' lang='lat' dir='ltr'>Cristi,</span> <span class='ocrx_word' id='word_1_117' title='bbox 1863 2204 2217 2266; x_wconf 84' lang='lat' dir='ltr'>furientibus</span> <span class='ocrx_word' id='word_1_118' title='bbox 2257 2205 2389 2279; x_wconf 88' lang='lat' dir='ltr'>illis,</span> 
     </span>
     <span class='ocr_line' id='line_1_20' title="bbox 958 2303 2347 2381; baseline -0.001 -16"><span class='ocrx_word' id='word_1_119' title='bbox 958 2304 1291 2365; x_wconf 87' lang='lat' dir='ltr'>Ecclesiam</span> <span class='ocrx_word' id='word_1_120' title='bbox 1333 2312 1611 2380; x_wconf 88' lang='lat' dir='ltr'>reputant</span> <span class='ocrx_word' id='word_1_121' title='bbox 1650 2312 1836 2380; x_wconf 89' lang='lat' dir='ltr'>atque</span> <span class='ocrx_word' id='word_1_122' title='bbox 1876 2303 2125 2381; x_wconf 85' lang='lat' dir='ltr'>lupanar</span> <span class='ocrx_word' id='word_1_123' title='bbox 2165 2303 2347 2364; x_wconf 88' lang='lat' dir='ltr'>idem.</span> 
     </span>
     <span class='ocr_line' id='line_1_21' title="bbox 957 2401 2524 2479; baseline -0.001 -18"><span class='ocrx_word' id='word_1_124' title='bbox 957 2401 1197 2462; x_wconf 84' lang='lat' dir='ltr'>Perfida</span> <span class='ocrx_word' id='word_1_125' title='bbox 1236 2401 1492 2462; x_wconf 81' lang='lat' dir='ltr'>stulticia</span> <span class='ocrx_word' id='word_1_126' title='bbox 1534 2412 1677 2461; x_wconf 87' lang='lat' dir='ltr'>tunc</span> <span class='ocrx_word' id='word_1_127' title='bbox 1718 2401 2002 2478; x_wconf 86' lang='lat' dir='ltr'>temporis</span> <span class='ocrx_word' id='word_1_128' title='bbox 2043 2418 2226 2462; x_wconf 88' lang='lat' dir='ltr'>omne</span> <span class='ocrx_word' id='word_1_129' title='bbox 2266 2402 2524 2479; x_wconf 81' lang='lat' dir='ltr'>negauit,</span> 
     </span>
     <span class='ocr_line' id='line_1_22' title="bbox 957 2498 2270 2577; baseline 0 -16"><span class='ocrx_word' id='word_1_130' title='bbox 957 2499 1145 2577; x_wconf 88' lang='lat' dir='ltr'>Quod</span> <span class='ocrx_word' id='word_1_131' title='bbox 1186 2508 1397 2560; x_wconf 90' lang='lat' dir='ltr'>natura</span> <span class='ocrx_word' id='word_1_132' title='bbox 1436 2498 1551 2560; x_wconf 90' lang='lat' dir='ltr'>sibi</span> <span class='ocrx_word' id='word_1_133' title='bbox 1591 2499 1685 2561; x_wconf 87' lang='lat' dir='ltr'>vel</span> <span class='ocrx_word' id='word_1_134' title='bbox 1727 2500 1878 2560; x_wconf 91' lang='lat' dir='ltr'>deus</span> <span class='ocrx_word' id='word_1_135' title='bbox 1919 2500 2047 2577; x_wconf 84' lang='lat' dir='ltr'>ipse</span> <span class='ocrx_word' id='word_1_136' title='bbox 2087 2500 2270 2576; x_wconf 90' lang='lat' dir='ltr'>petit:</span> 
     </span>
     <span class='ocr_line' id='line_1_23' title="bbox 958 2593 2650 2675; baseline 0 -18"><span class='ocrx_word' id='word_1_137' title='bbox 958 2598 1017 2657; x_wconf 96' lang='lat' dir='ltr'>N</span> <span class='ocrx_word' id='word_1_138' title='bbox 1020 2616 1101 2657; x_wconf 91' lang='lat' dir='ltr'>on</span> <span class='ocrx_word' id='word_1_139' title='bbox 1143 2597 1315 2659; x_wconf 87' lang='lat' dir='ltr'>timet</span> <span class='ocrx_word' id='word_1_140' title='bbox 1354 2593 1483 2675; x_wconf 89' lang='lat' dir='ltr'>ipsa</span> <span class='ocrx_word' id='word_1_141' title='bbox 1521 2597 1705 2658; x_wconf 89' lang='lat' dir='ltr'>deum</span> <span class='ocrx_word' id='word_1_142' title='bbox 1745 2614 1945 2674; x_wconf 91' lang='lat' dir='ltr'>neque</span> <span class='ocrx_word' id='word_1_143' title='bbox 1985 2597 2197 2657; x_wconf 88' lang='lat' dir='ltr'>mundi</span> <span class='ocrx_word' id='word_1_144' title='bbox 2239 2597 2364 2657; x_wconf 85' lang='lat' dir='ltr'>iura</span> <span class='ocrx_word' id='word_1_145' title='bbox 2404 2607 2650 2670; x_wconf 90' lang='lat' dir='ltr'>veretur,</span> 
     </span>
     <span class='ocr_line' id='line_1_24' title="bbox 954 2694 3000 2768; baseline -0.002 -12"><span class='ocrx_word' id='word_1_146' title='bbox 954 2696 1060 2756; x_wconf 88' lang='lat' dir='ltr'>Set</span> <span class='ocrx_word' id='word_1_147' title='bbox 1100 2696 1305 2755; x_wconf 89' lang='lat' dir='ltr'>statuit</span> <span class='ocrx_word' id='word_1_148' title='bbox 1344 2694 1573 2755; x_wconf 89' lang='lat' dir='ltr'>licitum</span> <span class='ocrx_word' id='word_1_149' title='bbox 1614 2694 1878 2755; x_wconf 87' lang='lat' dir='ltr'>criminis</span> <span class='ocrx_word' id='word_1_150' title='bbox 1917 2713 2102 2755; x_wconf 89' lang='lat' dir='ltr'>omne</span> <span class='ocrx_word' id='word_1_151' title='bbox 2143 2696 2402 2755; x_wconf 86' lang='lat' dir='ltr'>malum:</span> <span class='ocrx_word' id='word_1_152' title='bbox 2867 2716 3000 2768; x_wconf 79' lang='lat'>1310</span> 
     </span>
     <span class='ocr_line' id='line_1_25' title="bbox 956 2792 2482 2871; baseline -0.002 -17"><span class='ocrx_word' id='word_1_153' title='bbox 956 2794 1189 2854; x_wconf 89' lang='lat' dir='ltr'>Ordine</span> <span class='ocrx_word' id='word_1_154' title='bbox 1226 2793 1569 2871; x_wconf 84' lang='lat' dir='ltr'>retrogrado</span> <span class='ocrx_word' id='word_1_155' title='bbox 1610 2794 1697 2853; x_wconf 90' lang='lat' dir='ltr'>sic</span> <span class='ocrx_word' id='word_1_156' title='bbox 1737 2792 1992 2870; x_wconf 89' lang='lat' dir='ltr'>quilibet</span> <span class='ocrx_word' id='word_1_157' title='bbox 2031 2794 2183 2854; x_wconf 92' lang='lat' dir='ltr'>ordo</span> <span class='ocrx_word' id='word_1_158' title='bbox 2223 2793 2482 2865; x_wconf 76' lang='lat' dir='ltr'>recessit,</span> 
     </span>
     <span class='ocr_line' id='line_1_26' title="bbox 956 2890 2528 2969; baseline 0 -17"><span class='ocrx_word' id='word_1_159' title='bbox 956 2890 1088 2952; x_wconf 87' lang='lat' dir='ltr'>Nec</span> <span class='ocrx_word' id='word_1_160' title='bbox 1128 2900 1317 2952; x_wconf 90' lang='lat' dir='ltr'>status</span> <span class='ocrx_word' id='word_1_161' title='bbox 1358 2892 1487 2969; x_wconf 90' lang='lat' dir='ltr'>ipse</span> <span class='ocrx_word' id='word_1_162' title='bbox 1528 2891 1680 2968; x_wconf 86' lang='lat' dir='ltr'>sapit</span> <span class='ocrx_word' id='word_1_163' title='bbox 1723 2891 1871 2968; x_wconf 92' lang='lat' dir='ltr'>quid</span> <span class='ocrx_word' id='word_1_164' title='bbox 1911 2891 1988 2951; x_wconf 88' lang='lat' dir='ltr'>sit</span> <span class='ocrx_word' id='word_1_165' title='bbox 2029 2890 2252 2951; x_wconf 88' lang='lat' dir='ltr'>babere</span> <span class='ocrx_word' id='word_1_166' title='bbox 2291 2902 2528 2952; x_wconf 88' lang='lat' dir='ltr'>statum.</span> 
     </span>
    </p>

    <p class='ocr_par' dir='ltr' id='par_1_5' title="bbox 950 2988 3032 4437">
     <span class='ocr_line' id='line_1_27' title="bbox 1037 2988 2496 3066; baseline -0.002 -17"><span class='ocrx_word' id='word_1_167' title='bbox 1037 2990 1344 3049; x_wconf 88' lang='lat' dir='ltr'>Frumenti</span> <span class='ocrx_word' id='word_1_168' title='bbox 1386 2990 1584 3066; x_wconf 89' lang='lat' dir='ltr'>spicas</span> <span class='ocrx_word' id='word_1_169' title='bbox 1624 2988 1880 3049; x_wconf 89' lang='lat' dir='ltr'>tribulus</span> <span class='ocrx_word' id='word_1_170' title='bbox 1923 2988 2193 3062; x_wconf 86' lang='lat' dir='ltr'>vastauit,</span> <span class='ocrx_word' id='word_1_171' title='bbox 2237 2998 2298 3047; x_wconf 90' lang='lat' dir='ltr'>et</span> <span class='ocrx_word' id='word_1_172' title='bbox 2339 2988 2496 3065; x_wconf 90' lang='lat' dir='ltr'>ipsas</span> 
     </span>
     <span class='ocr_line' id='line_1_28' title="bbox 954 3086 2176 3165; baseline -0.003 -16"><span class='ocrx_word' id='word_1_173' title='bbox 954 3087 1157 3150; x_wconf 85' lang='lat' dir='ltr'>Cardo</span> <span class='ocrx_word' id='word_1_174' title='bbox 1200 3088 1565 3165; x_wconf 89' lang='lat' dir='ltr'>supercreuit</span> <span class='ocrx_word' id='word_1_175' title='bbox 1604 3097 1664 3147; x_wconf 92' lang='lat' dir='ltr'>et</span> <span class='ocrx_word' id='word_1_176' title='bbox 1705 3086 1948 3147; x_wconf 87' lang='lat' dir='ltr'>viciauit</span> <span class='ocrx_word' id='word_1_177' title='bbox 1986 3104 2176 3163; x_wconf 65' lang='lat' dir='ltr'>agros</span> 
     </span>
     <span class='ocr_line' id='line_1_29' title="bbox 956 3185 2527 3263; baseline 0.001 -18"><span class='ocrx_word' id='word_1_178' title='bbox 956 3186 1115 3246; x_wconf 86' lang='lat' dir='ltr'>Loth</span> <span class='ocrx_word' id='word_1_179' title='bbox 1154 3186 1407 3263; x_wconf 89' lang='lat' dir='ltr'>capitur,</span> <span class='ocrx_word' id='word_1_180' title='bbox 1446 3196 1649 3263; x_wconf 86' lang='lat' dir='ltr'>pastor</span> <span class='ocrx_word' id='word_1_181' title='bbox 1686 3186 1926 3263; x_wconf 85' lang='lat' dir='ltr'>rapitur,</span> <span class='ocrx_word' id='word_1_182' title='bbox 1971 3186 2140 3245; x_wconf 89' lang='lat' dir='ltr'>locus</span> <span class='ocrx_word' id='word_1_183' title='bbox 2181 3185 2527 3262; x_wconf 83' lang='lat' dir='ltr'>expoliatur,</span> 
     </span>
     <span class='ocr_line' id='line_1_30' title="bbox 954 3284 2269 3361; baseline 0 -18"><span class='ocrx_word' id='word_1_184' title='bbox 954 3284 1035 3344; x_wconf 93' lang='lat' dir='ltr'>Et</span> <span class='ocrx_word' id='word_1_185' title='bbox 1076 3284 1181 3361; x_wconf 90' lang='lat' dir='ltr'>qui</span> <span class='ocrx_word' id='word_1_186' title='bbox 1222 3293 1441 3345; x_wconf 88' lang='lat' dir='ltr'>cuncta</span> <span class='ocrx_word' id='word_1_187' title='bbox 1480 3284 1643 3345; x_wconf 88' lang='lat' dir='ltr'>videt</span> <span class='ocrx_word' id='word_1_188' title='bbox 1682 3285 1886 3344; x_wconf 88' lang='lat' dir='ltr'>secula</span> <span class='ocrx_word' id='word_1_189' title='bbox 1925 3300 2070 3345; x_wconf 82' lang='lat' dir='ltr'>ceca</span> <span class='ocrx_word' id='word_1_190' title='bbox 2110 3284 2269 3343; x_wconf 88' lang='lat' dir='ltr'>sinit.</span> 
     </span>
     <span class='ocr_line' id='line_1_31' title="bbox 953 3380 2389 3459; baseline -0.001 -17"><span class='ocrx_word' id='word_1_191' title='bbox 953 3383 1132 3442; x_wconf 89' lang='lat' dir='ltr'>Tunc</span> <span class='ocrx_word' id='word_1_192' title='bbox 1174 3400 1285 3459; x_wconf 92' lang='lat' dir='ltr'>pro</span> <span class='ocrx_word' id='word_1_193' title='bbox 1306 3381 1583 3459; x_wconf 74' lang='lat' dir='ltr'>&#39;pecoetis</span> <span class='ocrx_word' id='word_1_194' title='bbox 1622 3381 1832 3459; x_wconf 92' lang='lat' dir='ltr'>populi</span> <span class='ocrx_word' id='word_1_195' title='bbox 1873 3382 1940 3441; x_wconf 83' lang='lat' dir='ltr'>fit</span> <span class='ocrx_word' id='word_1_196' title='bbox 1981 3398 2142 3459; x_wconf 89' lang='lat' dir='ltr'>pena</span> <span class='ocrx_word' id='word_1_197' title='bbox 2181 3380 2389 3454; x_wconf 77' lang='lat' dir='ltr'>beatiS,</span> 
     </span>
     <span class='ocr_line' id='line_1_32' title="bbox 952 3478 2499 3557; baseline 0 -17"><span class='ocrx_word' id='word_1_198' title='bbox 952 3480 1309 3557; x_wconf 89' lang='lat' dir='ltr'>Cunctaque</span> <span class='ocrx_word' id='word_1_199' title='bbox 1350 3496 1515 3539; x_wconf 88' lang='lat' dir='ltr'>sacra</span> <span class='ocrx_word' id='word_1_200' title='bbox 1554 3478 1717 3539; x_wconf 86' lang='lat' dir='ltr'>furor</span> <span class='ocrx_word' id='word_1_201' title='bbox 1757 3497 1890 3539; x_wconf 89' lang='lat' dir='ltr'>esse</span> <span class='ocrx_word' id='word_1_202' title='bbox 1933 3479 2254 3555; x_wconf 85' lang='lat' dir='ltr'>nephanda</span> <span class='ocrx_word' id='word_1_203' title='bbox 2293 3490 2499 3555; x_wconf 86' lang='lat' dir='ltr'>putat:</span> 
     </span>
     <span class='ocr_line' id='line_1_33' title="bbox 953 3574 2521 3653; baseline 0.001 -16"><span class='ocrx_word' id='word_1_204' title='bbox 953 3577 1335 3637; x_wconf 89' lang='lat' dir='ltr'>Demonibus</span> <span class='ocrx_word' id='word_1_205' title='bbox 1375 3577 1654 3637; x_wconf 87' lang='lat' dir='ltr'>homines</span> <span class='ocrx_word' id='word_1_206' title='bbox 1695 3574 1888 3637; x_wconf 88' lang='lat' dir='ltr'>subici</span> <span class='ocrx_word' id='word_1_207' title='bbox 1927 3576 2121 3653; x_wconf 89' lang='lat' dir='ltr'>culpis</span> <span class='ocrx_word' id='word_1_208' title='bbox 2163 3589 2521 3651; x_wconf 89' lang='lat' dir='ltr'>meruerunt,</span> 
     </span>
     <span class='ocr_line' id='line_1_34' title="bbox 950 3674 3032 3763; baseline 0.001 -31"><span class='ocrx_word' id='word_1_209' title='bbox 950 3675 1128 3733; x_wconf 90' lang='lat' dir='ltr'>Tunc</span> <span class='ocrx_word' id='word_1_210' title='bbox 1169 3675 1311 3751; x_wconf 89' lang='lat' dir='ltr'>quia</span> <span class='ocrx_word' id='word_1_211' title='bbox 1352 3693 1474 3734; x_wconf 90' lang='lat' dir='ltr'>non</span> <span class='ocrx_word' id='word_1_212' title='bbox 1518 3674 1828 3735; x_wconf 89' lang='lat' dir='ltr'>hominem</span> <span class='ocrx_word' id='word_1_213' title='bbox 1870 3692 1984 3735; x_wconf 89' lang='lat' dir='ltr'>nec</span> <span class='ocrx_word' id='word_1_214' title='bbox 2025 3675 2279 3735; x_wconf 89' lang='lat' dir='ltr'>timuere</span> <span class='ocrx_word' id='word_1_215' title='bbox 2319 3675 2522 3735; x_wconf 90' lang='lat' dir='ltr'>deum.</span> <span class='ocrx_word' id='word_1_216' title='bbox 2871 3696 3032 3763; x_wconf 48' lang='lat'>1320.</span> 
     </span>
     <span class='ocr_line' id='line_1_35' title="bbox 954 3771 2633 3851; baseline 0.001 -20"><span class='ocrx_word' id='word_1_217' title='bbox 954 3772 1293 3832; x_wconf 85' lang='lat' dir='ltr'>Murmurat</span> <span class='ocrx_word' id='word_1_218' title='bbox 1333 3791 1407 3832; x_wconf 84' lang='lat' dir='ltr'>ex</span> <span class='ocrx_word' id='word_1_219' title='bbox 1448 3790 1617 3832; x_wconf 88' lang='lat' dir='ltr'>more</span> <span class='ocrx_word' id='word_1_220' title='bbox 1658 3772 1832 3849; x_wconf 89' lang='lat' dir='ltr'>plebs</span> <span class='ocrx_word' id='word_1_221' title='bbox 1872 3772 2147 3850; x_wconf 88' lang='lat' dir='ltr'>improba</span> <span class='ocrx_word' id='word_1_222' title='bbox 2187 3773 2370 3851; x_wconf 82' lang='lat' dir='ltr'>digna</span> <span class='ocrx_word' id='word_1_223' title='bbox 2410 3771 2633 3847; x_wconf 89' lang='lat' dir='ltr'>dolore,</span> 
     </span>
     <span class='ocr_line' id='line_1_36' title="bbox 953 3869 2443 3948; baseline 0.001 -19"><span class='ocrx_word' id='word_1_224' title='bbox 953 3870 1231 3929; x_wconf 86' lang='lat' dir='ltr'>Murmur</span> <span class='ocrx_word' id='word_1_225' title='bbox 1271 3880 1332 3931; x_wconf 89' lang='lat' dir='ltr'>et</span> <span class='ocrx_word' id='word_1_226' title='bbox 1373 3870 1437 3930; x_wconf 89' lang='lat' dir='ltr'>in</span> <span class='ocrx_word' id='word_1_227' title='bbox 1478 3870 1705 3948; x_wconf 92' lang='lat' dir='ltr'>populo</span> <span class='ocrx_word' id='word_1_228' title='bbox 1747 3870 1933 3947; x_wconf 89' lang='lat' dir='ltr'>iurgia</span> <span class='ocrx_word' id='word_1_229' title='bbox 1973 3869 2162 3930; x_wconf 83' lang='lat' dir='ltr'>multa</span> <span class='ocrx_word' id='word_1_230' title='bbox 2202 3880 2443 3931; x_wconf 86' lang='lat' dir='ltr'>mouet:</span> 
     </span>
     <span class='ocr_line' id='line_1_37' title="bbox 955 3967 2389 4045; baseline 0.002 -19"><span class='ocrx_word' id='word_1_231' title='bbox 955 3967 1095 4027; x_wconf 88' lang='lat' dir='ltr'>Iura</span> <span class='ocrx_word' id='word_1_232' title='bbox 1134 3968 1512 4029; x_wconf 88' lang='lat' dir='ltr'>sacerdotum</span> <span class='ocrx_word' id='word_1_233' title='bbox 1553 3976 1982 4045; x_wconf 88' lang='lat' dir='ltr'>presumentes,</span> <span class='ocrx_word' id='word_1_234' title='bbox 2027 3978 2088 4028; x_wconf 90' lang='lat' dir='ltr'>et</span> <span class='ocrx_word' id='word_1_235' title='bbox 2129 3968 2389 4029; x_wconf 87' lang='lat' dir='ltr'>honores</span> 
     </span>
     <span class='ocr_line' id='line_1_38' title="bbox 952 4065 2082 4139; baseline 0 -15"><span class='ocrx_word' id='word_1_236' title='bbox 952 4065 1279 4139; x_wconf 75' lang='lat' dir='ltr'>TollenteS,</span> <span class='ocrx_word' id='word_1_237' title='bbox 1326 4067 1472 4126; x_wconf 88' lang='lat' dir='ltr'>iram</span> <span class='ocrx_word' id='word_1_238' title='bbox 1513 4084 1925 4127; x_wconf 88' lang='lat' dir='ltr'>commeruere</span> <span class='ocrx_word' id='word_1_239' title='bbox 1965 4066 2082 4127; x_wconf 88' lang='lat' dir='ltr'>dei.</span> 
     </span>
     <span class='ocr_line' id='line_1_39' title="bbox 954 4162 2478 4241; baseline 0.002 -18"><span class='ocrx_word' id='word_1_240' title='bbox 954 4162 1237 4239; x_wconf 86' lang='lat' dir='ltr'>Fulgurat</span> <span class='ocrx_word' id='word_1_241' title='bbox 1278 4164 1524 4223; x_wconf 89' lang='lat' dir='ltr'>interius</span> <span class='ocrx_word' id='word_1_242' title='bbox 1565 4164 1740 4225; x_wconf 91' lang='lat' dir='ltr'>dolor</span> <span class='ocrx_word' id='word_1_243' title='bbox 1779 4165 1958 4224; x_wconf 86' lang='lat' dir='ltr'>huius</span> <span class='ocrx_word' id='word_1_244' title='bbox 1999 4164 2238 4225; x_wconf 89' lang='lat' dir='ltr'>turbine</span> <span class='ocrx_word' id='word_1_245' title='bbox 2277 4165 2478 4241; x_wconf 83' lang='lat' dir='ltr'>pestis,</span> 
     </span>
     <span class='ocr_line' id='line_1_40' title="bbox 954 4259 2236 4323; baseline 0.005 -6"><span class='ocrx_word' id='word_1_246' title='bbox 954 4259 1200 4319; x_wconf 86' lang='lat' dir='ltr'>Intonat</span> <span class='ocrx_word' id='word_1_247' title='bbox 1240 4262 1496 4320; x_wconf 88' lang='lat' dir='ltr'>exterius</span> <span class='ocrx_word' id='word_1_248' title='bbox 1538 4261 1778 4323; x_wconf 86' lang='lat' dir='ltr'>horrida</span> <span class='ocrx_word' id='word_1_249' title='bbox 1819 4261 1993 4323; x_wconf 84' lang='lat' dir='ltr'>turba</span> <span class='ocrx_word' id='word_1_250' title='bbox 2033 4264 2236 4323; x_wconf 88' lang='lat' dir='ltr'>sonis:</span> 
     </span>
     <span class='ocr_line' id='line_1_41' title="bbox 950 4357 2396 4437; baseline -0.001 -16"><span class='ocrx_word' id='word_1_251' title='bbox 950 4357 1351 4421; x_wconf 86' lang='lat' dir='ltr'>Conclamant</span> <span class='ocrx_word' id='word_1_252' title='bbox 1389 4357 1557 4432; x_wconf 78' lang='lat' dir='ltr'>surie,</span> <span class='ocrx_word' id='word_1_253' title='bbox 1602 4362 1925 4437; x_wconf 88' lang='lat' dir='ltr'>respondet</span> <span class='ocrx_word' id='word_1_254' title='bbox 1964 4362 2163 4422; x_wconf 86' lang='lat' dir='ltr'>flebile</span> <span class='ocrx_word' id='word_1_255' title='bbox 2203 4361 2396 4434; x_wconf 90' lang='lat' dir='ltr'>tellus,</span> 
     </span>
    </p>
   </div>
   <div class='ocr_carea' id='block_1_4' title="bbox 1270 4472 2523 4539">
    <p class='ocr_par' dir='ltr' id='par_1_6' title="bbox 1270 4472 2523 4539">
     <span class='ocr_line' id='line_1_42' title="bbox 1270 4472 2523 4539; baseline 0.003 -18"><span class='ocrx_word' id='word_1_256' title='bbox 1270 4472 1399 4536; x_wconf 81' lang='lat'><strong>1308</strong></span> <span class='ocrx_word' id='word_1_257' title='bbox 1432 4472 1574 4523; x_wconf 88' lang='lat' dir='ltr'>dedit</span> <span class='ocrx_word' id='word_1_258' title='bbox 1598 4472 1647 4522; x_wconf 92' lang='lat' dir='ltr'>D</span> <span class='ocrx_word' id='word_1_259' title='bbox 1847 4489 1976 4539; x_wconf 77' lang='lat'>1312</span> <span class='ocrx_word' id='word_1_260' title='bbox 2007 4476 2075 4527; x_wconf 84' lang='lat' dir='ltr'>sit</span> <span class='ocrx_word' id='word_1_261' title='bbox 2097 4476 2188 4527; x_wconf 76' lang='grc' dir='ltr'>(ΞΕ</span> <span class='ocrx_word' id='word_1_262' title='bbox 2254 4474 2351 4527; x_wconf 84' lang='lat' dir='ltr'>scit</span> <span class='ocrx_word' id='word_1_263' title='bbox 2373 4475 2523 4527; x_wconf 87' lang='lat' dir='ltr'>SHD</span> 
     </span>
    </p>
   </div>
   <div class='ocr_carea' id='block_1_5' title="bbox 3430 3458 3434 4103">
    <p class='ocr_par' dir='ltr' id='par_1_7' title="bbox 3430 3458 3434 4103">
     <span class='ocr_line' id='line_1_43' title="bbox 3430 3458 3434 4103; baseline 0 0"><span class='ocrx_word' id='word_1_264' title='bbox 3430 3458 3434 4103; x_wconf 95' lang='lat' dir='ltr'> </span> 
     </span>
    </p>
   </div>
   <div class='ocr_carea' id='block_1_6' title="bbox 3429 4280 3434 5047">
    <p class='ocr_par' dir='ltr' id='par_1_8' title="bbox 3429 4280 3434 5047">
     <span class='ocr_line' id='line_1_44' title="bbox 3429 4280 3434 5047; baseline 0 0"><span class='ocrx_word' id='word_1_265' title='bbox 3429 4280 3434 5047; x_wconf 95' lang='lat' dir='ltr'> </span> 
     </span>
    </p>
   </div>
  </div>
 </body>
</html>
