<?xml version="1.0" encoding="UTF-8"?>
<!DOCTYPE html PUBLIC "-//W3C//DTD XHTML 1.0 Transitional//EN"
    "http://www.w3.org/TR/xhtml1/DTD/xhtml1-transitional.dtd">
<html xmlns="http://www.w3.org/1999/xhtml" xml:lang="en" lang="en">
 <head>
  <title>
</title>
<meta http-equiv="Content-Type" content="text/html;charset=utf-8" />
  <meta name='ocr-system' content='tesseract 3.04.00' />
  <meta name='ocr-capabilities' content='ocr_page ocr_carea ocr_par ocr_line ocrx_word'/>
</head>
<body>
  <div class='ocr_page' id='page_1' title='image "./completeworksjo01macagoog_0185.png"; bbox 0 0 3434 5142; ppageno 0'>
   <div class='ocr_carea' id='block_1_1' title="bbox 1094 460 2627 547">
    <p class='ocr_par' dir='ltr' id='par_1_1' title="bbox 1094 460 2627 547">
     <span class='ocr_line' id='line_1_1' title="bbox 1094 460 2627 547; baseline 0.001 -22"><span class='ocrx_word' id='word_1_1' title='bbox 1094 460 1378 527; x_wconf 80' lang='lat' dir='ltr'><strong>LIBER</strong></span> <span class='ocrx_word' id='word_1_2' title='bbox 1435 460 1947 527; x_wconf 74' lang='lat' dir='ltr'><strong>SECUNDUS</strong></span> <span class='ocrx_word' id='word_1_3' title='bbox 2536 484 2627 547; x_wconf 74' lang='lat'><strong>95</strong></span> 
     </span>
    </p>
   </div>
   <div class='ocr_carea' id='block_1_2' title="bbox 413 610 2619 804">
    <p class='ocr_par' dir='ltr' id='par_1_2' title="bbox 413 610 2619 804">
     <span class='ocr_line' id='line_1_2' title="bbox 483 610 2619 733; baseline 0 -31"><span class='ocrx_word' id='word_1_4' title='bbox 483 646 602 702; x_wconf 76' lang='lat' dir='ltr'><strong>me</strong></span> <span class='ocrx_word' id='word_1_5' title='bbox 615 648 898 715; x_wconf 66' lang='lat' dir='ltr'><strong>loquitur</strong></span> <span class='ocrx_word' id='word_1_6' title='bbox 913 646 997 701; x_wconf 74' lang='lat' dir='ltr'><strong>&lt;re</strong></span> <span class='ocrx_word' id='word_1_7' title='bbox 1021 646 1152 701; x_wconf 72' lang='lat' dir='ltr'><strong>mo</strong></span> <span class='ocrx_word' id='word_1_8' title='bbox 1177 645 1280 700; x_wconf 67' lang='lat' dir='ltr'><strong>eei</strong></span> <span class='ocrx_word' id='word_1_9' title='bbox 1295 646 1634 701; x_wconf 67' lang='lat' dir='ltr'><strong>tameo</strong></span> <span class='ocrx_word' id='word_1_10' title='bbox 1649 646 1913 702; x_wconf 63' lang='lat' dir='ltr'><strong>domino</strong></span> <span class='ocrx_word' id='word_1_11' title='bbox 1936 650 2165 733; x_wconf 49' lang='lat' dir='ltr'><strong>posu-0</strong></span> <span class='ocrx_word' id='word_1_12' title='bbox 2180 610 2369 703; x_wconf 56' lang='lat' dir='ltr'><strong>nacla</strong></span> <span class='ocrx_word' id='word_1_13' title='bbox 2390 644 2619 713; x_wconf 64' lang='lat' dir='ltr'><strong>errato,</strong></span> 
     </span>
     <span class='ocr_line' id='line_1_3' title="bbox 413 734 1843 804; baseline -0.001 -14"><span class='ocrx_word' id='word_1_14' title='bbox 413 750 527 804; x_wconf 74' lang='lat' dir='ltr'><strong>per</strong></span> <span class='ocrx_word' id='word_1_15' title='bbox 551 750 732 804; x_wconf 85' lang='lat' dir='ltr'><strong>quem</strong></span> <span class='ocrx_word' id='word_1_16' title='bbox 756 734 835 789; x_wconf 85' lang='lat' dir='ltr'><strong>de</strong></span> <span class='ocrx_word' id='word_1_17' title='bbox 858 734 1122 789; x_wconf 77' lang='lat' dir='ltr'><strong>maloin</strong></span> <span class='ocrx_word' id='word_1_18' title='bbox 1146 734 1380 789; x_wconf 72' lang='lat' dir='ltr'><strong>bonum</strong></span> <span class='ocrx_word' id='word_1_19' title='bbox 1399 734 1843 789; x_wconf 67' lang='lat' dir='ltr'><strong>reformamur.</strong></span> 
     </span>
    </p>
   </div>
   <div class='ocr_carea' id='block_1_3' title="bbox 167 856 526 933">
    <p class='ocr_par' dir='ltr' id='par_1_3' title="bbox 167 856 526 933">
     <span class='ocr_line' id='line_1_4' title="bbox 167 856 526 933; baseline -0.006 -16"><span class='ocrx_word' id='word_1_20' title='bbox 167 858 375 933; x_wconf 81' lang='lat' dir='ltr'><strong>Capm.</strong></span> <span class='ocrx_word' id='word_1_21' title='bbox 407 856 526 915; x_wconf 84' lang='lat' dir='ltr'><strong>viii.</strong></span> 
     </span>
    </p>
   </div>
   <div class='ocr_carea' id='block_1_4' title="bbox 579 854 2633 4359">
    <p class='ocr_par' dir='ltr' id='par_1_4' title="bbox 659 854 2281 931">
     <span class='ocr_line' id='line_1_5' title="bbox 659 854 2281 931; baseline 0 -15"><span class='ocrx_word' id='word_1_22' title='bbox 659 856 842 916; x_wconf 89' lang='lat' dir='ltr'><strong>Nunc</strong></span> <span class='ocrx_word' id='word_1_23' title='bbox 882 856 1258 915; x_wconf 85' lang='lat' dir='ltr'><strong>incarnatum</strong></span> <span class='ocrx_word' id='word_1_24' title='bbox 1299 854 1474 915; x_wconf 82' lang='lat' dir='ltr'><strong>decet</strong></span> <span class='ocrx_word' id='word_1_25' title='bbox 1515 864 1575 915; x_wconf 87' lang='lat' dir='ltr'><strong>et</strong></span> <span class='ocrx_word' id='word_1_26' title='bbox 1609 872 1729 915; x_wconf 89' lang='lat' dir='ltr'><strong>nos</strong></span> <span class='ocrx_word' id='word_1_27' title='bbox 1771 856 2015 917; x_wconf 89' lang='lat' dir='ltr'><strong>credere</strong></span> <span class='ocrx_word' id='word_1_28' title='bbox 2056 866 2281 931; x_wconf 88' lang='lat' dir='ltr'><strong>natum,</strong></span> 
     </span>
    </p>

    <p class='ocr_par' dir='ltr' id='par_1_5' title="bbox 579 954 2622 1032">
     <span class='ocr_line' id='line_1_6' title="bbox 579 954 2622 1032; baseline 0 -18"><span class='ocrx_word' id='word_1_29' title='bbox 579 956 780 1032; x_wconf 86' lang='lat' dir='ltr'><strong>Quem</strong></span> <span class='ocrx_word' id='word_1_30' title='bbox 822 956 1076 1019; x_wconf 88' lang='lat' dir='ltr'><strong>colimus</strong></span> <span class='ocrx_word' id='word_1_31' title='bbox 1111 954 1380 1016; x_wconf 78' lang='lat' dir='ltr'><strong>‘Cristurn</strong></span> <span class='ocrx_word' id='word_1_32' title='bbox 1421 954 1774 1015; x_wconf 86' lang='lat' dir='ltr'><strong>credulitate</strong></span> <span class='ocrx_word' id='word_1_33' title='bbox 1816 954 2078 1015; x_wconf 84' lang='lat' dir='ltr'><strong>Ihesum.</strong></span> <span class='ocrx_word' id='word_1_34' title='bbox 2368 1021 2377 1027; x_wconf 58' lang='lat'>‚</span> <span class='ocrx_word' id='word_1_35' title='bbox 2523 964 2622 1027; x_wconf 79' lang='lat'><strong>380</strong></span> 
     </span>
    </p>

    <p class='ocr_par' dir='ltr' id='par_1_6' title="bbox 580 1051 2024 1129">
     <span class='ocr_line' id='line_1_7' title="bbox 580 1051 2024 1129; baseline -0.001 -15"><span class='ocrx_word' id='word_1_36' title='bbox 580 1054 678 1114; x_wconf 88' lang='lat' dir='ltr'><strong>Sic</strong></span> <span class='ocrx_word' id='word_1_37' title='bbox 718 1070 871 1129; x_wconf 92' lang='lat' dir='ltr'><strong>opus</strong></span> <span class='ocrx_word' id='word_1_38' title='bbox 913 1052 1136 1129; x_wconf 79' lang='lat' dir='ltr'><strong>incepit</strong></span> <span class='ocrx_word' id='word_1_39' title='bbox 1176 1062 1369 1125; x_wconf 80' lang='lat' dir='ltr'><strong>natuS,</strong></span> <span class='ocrx_word' id='word_1_40' title='bbox 1413 1051 1492 1111; x_wconf 90' lang='lat' dir='ltr'><strong>de</strong></span> <span class='ocrx_word' id='word_1_41' title='bbox 1531 1051 1716 1111; x_wconf 91' lang='lat' dir='ltr'><strong>corde</strong></span> <span class='ocrx_word' id='word_1_42' title='bbox 1758 1062 2024 1128; x_wconf 84' lang='lat' dir='ltr'><strong>patern0,</strong></span> 
     </span>
    </p>

    <p class='ocr_par' dir='ltr' id='par_1_7' title="bbox 582 1149 1875 1227">
     <span class='ocr_line' id='line_1_8' title="bbox 582 1149 1875 1227; baseline -0.001 -18"><span class='ocrx_word' id='word_1_43' title='bbox 582 1152 678 1212; x_wconf 92' lang='lat' dir='ltr'><strong>De</strong></span> <span class='ocrx_word' id='word_1_44' title='bbox 718 1151 945 1227; x_wconf 89' lang='lat' dir='ltr'><strong>gremio</strong></span> <span class='ocrx_word' id='word_1_45' title='bbox 985 1150 1166 1227; x_wconf 88' lang='lat' dir='ltr'><strong>patris</strong></span> <span class='ocrx_word' id='word_1_46' title='bbox 1195 1149 1368 1210; x_wconf 72' lang='lat' dir='ltr'><strong>venit</strong></span> <span class='ocrx_word' id='word_1_47' title='bbox 1409 1149 1488 1209; x_wconf 85' lang='lat' dir='ltr'><strong>ad</strong></span> <span class='ocrx_word' id='word_1_48' title='bbox 1521 1164 1666 1225; x_wconf 82' lang='lat' dir='ltr'><strong>yma</strong></span> <span class='ocrx_word' id='word_1_49' title='bbox 1707 1149 1875 1209; x_wconf 78' lang='lat' dir='ltr'><strong>deuS.</strong></span> 
     </span>
    </p>

    <p class='ocr_par' dir='ltr' id='par_1_8' title="bbox 583 1246 2272 1325">
     <span class='ocr_line' id='line_1_9' title="bbox 583 1246 2272 1325; baseline -0.001 -17"><span class='ocrx_word' id='word_1_50' title='bbox 583 1250 679 1309; x_wconf 91' lang='lat' dir='ltr'><strong>De</strong></span> <span class='ocrx_word' id='word_1_51' title='bbox 719 1258 888 1325; x_wconf 89' lang='lat' dir='ltr'><strong>patre</strong></span> <span class='ocrx_word' id='word_1_52' title='bbox 926 1246 1232 1324; x_wconf 83' lang='lat' dir='ltr'><strong>processit,</strong></span> <span class='ocrx_word' id='word_1_53' title='bbox 1276 1256 1366 1307; x_wconf 90' lang='lat' dir='ltr'><strong>set</strong></span> <span class='ocrx_word' id='word_1_54' title='bbox 1407 1264 1532 1306; x_wconf 89' lang='lat' dir='ltr'><strong>non</strong></span> <span class='ocrx_word' id='word_1_55' title='bbox 1573 1246 1652 1306; x_wconf 90' lang='lat' dir='ltr'><strong>de</strong></span> <span class='ocrx_word' id='word_1_56' title='bbox 1691 1257 1860 1323; x_wconf 88' lang='lat' dir='ltr'><strong>patre</strong></span> <span class='ocrx_word' id='word_1_57' title='bbox 1900 1248 2159 1322; x_wconf 85' lang='lat' dir='ltr'><strong>recessit,</strong></span> <span class='ocrx_word' id='word_1_58' title='bbox 2264 1264 2272 1270; x_wconf 87' lang='lat'><strong>·</strong></span> 
     </span>
    </p>

    <p class='ocr_par' dir='ltr' id='par_1_9' title="bbox 582 1346 2032 1421">
     <span class='ocr_line' id='line_1_10' title="bbox 582 1346 2032 1421; baseline 0 -16"><span class='ocrx_word' id='word_1_59' title='bbox 582 1346 934 1406; x_wconf 76' lang='lat' dir='ltr'><strong>Ad·muridi</strong></span> <span class='ocrx_word' id='word_1_60' title='bbox 974 1346 1222 1405; x_wconf 86' lang='lat' dir='ltr'><strong>veniens</strong></span> <span class='ocrx_word' id='word_1_61' title='bbox 1261 1362 1414 1421; x_wconf 87' lang='lat' dir='ltr'><strong>yma,</strong></span> <span class='ocrx_word' id='word_1_62' title='bbox 1459 1354 1549 1404; x_wconf 91' lang='lat' dir='ltr'><strong>set</strong></span> <span class='ocrx_word' id='word_1_63' title='bbox 1588 1355 1745 1404; x_wconf 87' lang='lat' dir='ltr'><strong>astra</strong></span> <span class='ocrx_word' id='word_1_64' title='bbox 1785 1357 1996 1407; x_wconf 88' lang='lat' dir='ltr'><strong>tenens</strong></span> <span class='ocrx_word' id='word_1_65' title='bbox 2014 1368 2032 1420; x_wconf 81' lang='lat'>3</span> 
     </span>
    </p>

    <p class='ocr_par' dir='ltr' id='par_1_10' title="bbox 583 1442 2291 1521">
     <span class='ocr_line' id='line_1_11' title="bbox 583 1442 2291 1521; baseline -0.001 -16"><span class='ocrx_word' id='word_1_66' title='bbox 583 1444 830 1521; x_wconf 85' lang='lat' dir='ltr'><strong>Semper</strong></span> <span class='ocrx_word' id='word_1_67' title='bbox 869 1443 1032 1503; x_wconf 90' lang='lat' dir='ltr'><strong>enim</strong></span> <span class='ocrx_word' id='word_1_68' title='bbox 1075 1442 1154 1502; x_wconf 91' lang='lat' dir='ltr'><strong>de</strong></span> <span class='ocrx_word' id='word_1_69' title='bbox 1195 1452 1362 1519; x_wconf 89' lang='lat' dir='ltr'><strong>patre</strong></span> <span class='ocrx_word' id='word_1_70' title='bbox 1401 1442 1528 1515; x_wconf 84' lang='lat' dir='ltr'><strong>suit,</strong></span> <span class='ocrx_word' id='word_1_71' title='bbox 1573 1442 1687 1501; x_wconf 85' lang='lat' dir='ltr'><strong>fuit</strong></span> <span class='ocrx_word' id='word_1_72' title='bbox 1728 1442 1790 1501; x_wconf 88' lang='lat' dir='ltr'><strong>in</strong></span> <span class='ocrx_word' id='word_1_73' title='bbox 1832 1452 1997 1519; x_wconf 89' lang='lat' dir='ltr'><strong>patre</strong></span> <span class='ocrx_word' id='word_1_74' title='bbox 2041 1460 2291 1521; x_wconf 84' lang='lat' dir='ltr'><strong>semper,</strong></span> 
     </span>
    </p>

    <p class='ocr_par' dir='ltr' id='par_1_11' title="bbox 583 1541 2229 1619">
     <span class='ocr_line' id='line_1_12' title="bbox 583 1541 2229 1619; baseline 0 -16"><span class='ocrx_word' id='word_1_75' title='bbox 583 1542 830 1619; x_wconf 87' lang='lat' dir='ltr'><strong>Semper</strong></span> <span class='ocrx_word' id='word_1_76' title='bbox 868 1541 1031 1617; x_wconf 87' lang='lat' dir='ltr'><strong>apud</strong></span> <span class='ocrx_word' id='word_1_77' title='bbox 1073 1551 1318 1617; x_wconf 88' lang='lat' dir='ltr'><strong>patrem,</strong></span> <span class='ocrx_word' id='word_1_78' title='bbox 1362 1556 1502 1599; x_wconf 87' lang='lat' dir='ltr'><strong>cum</strong></span> <span class='ocrx_word' id='word_1_79' title='bbox 1543 1550 1709 1617; x_wconf 90' lang='lat' dir='ltr'><strong>patre</strong></span> <span class='ocrx_word' id='word_1_80' title='bbox 1748 1558 1985 1617; x_wconf 84' lang='lat' dir='ltr'><strong>semper</strong></span> <span class='ocrx_word' id='word_1_81' title='bbox 2026 1542 2229 1603; x_wconf 86' lang='lat' dir='ltr'><strong>idem:</strong></span> 
     </span>
    </p>

    <p class='ocr_par' dir='ltr' id='par_1_12' title="bbox 583 1636 2243 1716">
     <span class='ocr_line' id='line_1_13' title="bbox 583 1636 2243 1716; baseline -0.001 -15"><span class='ocrx_word' id='word_1_82' title='bbox 583 1638 925 1716; x_wconf 87' lang='lat' dir='ltr'><strong>Assumpsit</strong></span> <span class='ocrx_word' id='word_1_83' title='bbox 966 1654 1208 1698; x_wconf 86' lang='lat' dir='ltr'><strong>carnem</strong></span> <span class='ocrx_word' id='word_1_84' title='bbox 1248 1636 1439 1697; x_wconf 84' lang='lat' dir='ltr'><strong>factus</strong></span> <span class='ocrx_word' id='word_1_85' title='bbox 1477 1652 1638 1712; x_wconf 82' lang='lat' dir='ltr'><strong>caro,</strong></span> <span class='ocrx_word' id='word_1_86' title='bbox 1678 1654 1797 1697; x_wconf 87' lang='lat' dir='ltr'><strong>nec</strong></span> <span class='ocrx_word' id='word_1_87' title='bbox 1836 1648 2038 1699; x_wconf 86' lang='lat' dir='ltr'><strong>tamen</strong></span> <span class='ocrx_word' id='word_1_88' title='bbox 2082 1638 2243 1699; x_wconf 87' lang='lat' dir='ltr'><strong>illam</strong></span> 
     </span>
    </p>

    <p class='ocr_par' dir='ltr' id='par_1_13' title="bbox 586 1734 1878 1813">
     <span class='ocr_line' id='line_1_14' title="bbox 586 1734 1878 1813; baseline -0.001 -16"><span class='ocrx_word' id='word_1_89' title='bbox 586 1738 780 1798; x_wconf 90' lang='lat' dir='ltr'><strong>Desiit</strong></span> <span class='ocrx_word' id='word_1_90' title='bbox 818 1754 1130 1796; x_wconf 88' lang='lat' dir='ltr'><strong>assumens</strong></span> <span class='ocrx_word' id='word_1_91' title='bbox 1171 1752 1302 1796; x_wconf 90' lang='lat' dir='ltr'><strong>esse</strong></span> <span class='ocrx_word' id='word_1_92' title='bbox 1343 1735 1510 1813; x_wconf 88' lang='lat' dir='ltr'><strong>quod</strong></span> <span class='ocrx_word' id='word_1_93' title='bbox 1549 1746 1691 1795; x_wconf 85' lang='lat' dir='ltr'><strong>ante</strong></span> <span class='ocrx_word' id='word_1_94' title='bbox 1730 1734 1878 1796; x_wconf 85' lang='lat' dir='ltr'><strong>fuit:</strong></span> 
     </span>
    </p>

    <p class='ocr_par' dir='ltr' id='par_1_14' title="bbox 584 1832 2079 1911">
     <span class='ocr_line' id='line_1_15' title="bbox 584 1832 2079 1911; baseline 0.001 -17"><span class='ocrx_word' id='word_1_95' title='bbox 584 1836 804 1896; x_wconf 89' lang='lat' dir='ltr'><strong>Vnitur</strong></span> <span class='ocrx_word' id='word_1_96' title='bbox 843 1852 982 1895; x_wconf 88' lang='lat' dir='ltr'><strong>caro</strong></span> <span class='ocrx_word' id='word_1_97' title='bbox 1023 1835 1108 1894; x_wconf 88' lang='lat' dir='ltr'><strong>sic</strong></span> <span class='ocrx_word' id='word_1_98' title='bbox 1149 1834 1351 1907; x_wconf 85' lang='lat' dir='ltr'><strong>verbo,</strong></span> <span class='ocrx_word' id='word_1_99' title='bbox 1395 1834 1562 1911; x_wconf 87' lang='lat' dir='ltr'><strong>quod</strong></span> <span class='ocrx_word' id='word_1_100' title='bbox 1603 1834 1724 1893; x_wconf 88' lang='lat' dir='ltr'><strong>sint</strong></span> <span class='ocrx_word' id='word_1_101' title='bbox 1763 1834 1825 1893; x_wconf 93' lang='lat' dir='ltr'><strong>in</strong></span> <span class='ocrx_word' id='word_1_102' title='bbox 1869 1832 2079 1895; x_wconf 64' lang='lat' dir='ltr'><strong>eadem</strong></span> 
     </span>
    </p>

    <p class='ocr_par' dir='ltr' id='par_1_15' title="bbox 586 1930 2624 2010">
     <span class='ocr_line' id='line_1_16' title="bbox 586 1930 2624 2010; baseline -0.001 -16"><span class='ocrx_word' id='word_1_103' title='bbox 586 1935 726 1994; x_wconf 91' lang='lat' dir='ltr'><strong>Hec</strong></span> <span class='ocrx_word' id='word_1_104' title='bbox 766 1932 891 1994; x_wconf 93' lang='lat' dir='ltr'><strong>duo</strong></span> <span class='ocrx_word' id='word_1_105' title='bbox 934 1950 1204 2010; x_wconf 88' lang='lat' dir='ltr'><strong>persona,</strong></span> <span class='ocrx_word' id='word_1_106' title='bbox 1245 1948 1421 1992; x_wconf 85' lang='lat' dir='ltr'><strong>verus</strong></span> <span class='ocrx_word' id='word_1_107' title='bbox 1460 1930 1684 2008; x_wconf 86' lang='lat' dir='ltr'><strong>vbique</strong></span> <span class='ocrx_word' id='word_1_108' title='bbox 1725 1932 1911 1993; x_wconf 88' lang='lat' dir='ltr'><strong>deus:</strong></span> <span class='ocrx_word' id='word_1_109' title='bbox 2524 1957 2624 2010; x_wconf 81' lang='lat'><strong>390</strong></span> 
     </span>
    </p>

    <p class='ocr_par' dir='ltr' id='par_1_16' title="bbox 587 2030 2380 2109">
     <span class='ocr_line' id='line_1_17' title="bbox 587 2030 2380 2109; baseline -0.001 -16"><span class='ocrx_word' id='word_1_110' title='bbox 587 2033 773 2109; x_wconf 87' lang='lat' dir='ltr'><strong>Quod</strong></span> <span class='ocrx_word' id='word_1_111' title='bbox 814 2030 941 2105; x_wconf 85' lang='lat' dir='ltr'><strong>fuit,</strong></span> <span class='ocrx_word' id='word_1_112' title='bbox 975 2031 1095 2090; x_wconf 90' lang='lat' dir='ltr'><strong>hoc</strong></span> <span class='ocrx_word' id='word_1_113' title='bbox 1136 2046 1372 2107; x_wconf 86' lang='lat' dir='ltr'><strong>semper</strong></span> <span class='ocrx_word' id='word_1_114' title='bbox 1411 2030 1645 2103; x_wconf 86' lang='lat' dir='ltr'><strong>mansit,</strong></span> <span class='ocrx_word' id='word_1_115' title='bbox 1691 2030 1859 2109; x_wconf 92' lang='lat' dir='ltr'><strong>quod</strong></span> <span class='ocrx_word' id='word_1_116' title='bbox 1901 2050 2023 2091; x_wconf 90' lang='lat' dir='ltr'><strong>non</strong></span> <span class='ocrx_word' id='word_1_117' title='bbox 2066 2032 2193 2106; x_wconf 83' lang='lat' dir='ltr'><strong>suit,</strong></span> <span class='ocrx_word' id='word_1_118' title='bbox 2236 2032 2380 2093; x_wconf 82' lang='lat' dir='ltr'><strong>illud</strong></span> 
     </span>
    </p>

    <p class='ocr_par' dir='ltr' id='par_1_17' title="bbox 585 2128 1956 2207">
     <span class='ocr_line' id='line_1_18' title="bbox 585 2128 1956 2207; baseline 0.001 -19"><span class='ocrx_word' id='word_1_119' title='bbox 585 2130 844 2207; x_wconf 85' lang='lat' dir='ltr'><strong>Virginis</strong></span> <span class='ocrx_word' id='word_1_120' title='bbox 887 2130 947 2187; x_wconf 89' lang='lat' dir='ltr'><strong>in</strong></span> <span class='ocrx_word' id='word_1_121' title='bbox 990 2142 1169 2188; x_wconf 86' lang='lat' dir='ltr'><strong>carne</strong></span> <span class='ocrx_word' id='word_1_122' title='bbox 1210 2128 1479 2205; x_wconf 80' lang='lat' dir='ltr'><strong>sumpsit,</strong></span> <span class='ocrx_word' id='word_1_123' title='bbox 1523 2136 1584 2188; x_wconf 75' lang='lat' dir='ltr'><strong>e&#39;t</strong></span> <span class='ocrx_word' id='word_1_124' title='bbox 1625 2129 1774 2189; x_wconf 88' lang='lat' dir='ltr'><strong>illud</strong></span> <span class='ocrx_word' id='word_1_125' title='bbox 1816 2139 1956 2189; x_wconf 89' lang='lat' dir='ltr'><strong>erat.</strong></span> 
     </span>
    </p>

    <p class='ocr_par' dir='ltr' id='par_1_18' title="bbox 586 2226 2299 2305">
     <span class='ocr_line' id='line_1_19' title="bbox 586 2226 2299 2305; baseline -0.001 -17"><span class='ocrx_word' id='word_1_126' title='bbox 586 2231 702 2288; x_wconf 88' lang='lat' dir='ltr'><strong>Par</strong></span> <span class='ocrx_word' id='word_1_127' title='bbox 741 2243 894 2305; x_wconf 87' lang='lat' dir='ltr'><strong>opus</strong></span> <span class='ocrx_word' id='word_1_128' title='bbox 933 2228 1076 2286; x_wconf 87' lang='lat' dir='ltr'><strong>huic</strong></span> <span class='ocrx_word' id='word_1_129' title='bbox 1119 2226 1283 2303; x_wconf 88' lang='lat' dir='ltr'><strong>operi</strong></span> <span class='ocrx_word' id='word_1_130' title='bbox 1325 2243 1620 2304; x_wconf 81' lang='lat' dir='ltr'><strong>nusquam</strong></span> <span class='ocrx_word' id='word_1_131' title='bbox 1663 2236 2041 2301; x_wconf 87' lang='lat' dir='ltr'><strong>monstratur,</strong></span> <span class='ocrx_word' id='word_1_132' title='bbox 2086 2228 2299 2288; x_wconf 88' lang='lat' dir='ltr'><strong>honori</strong></span> 
     </span>
    </p>

    <p class='ocr_par' dir='ltr' id='par_1_19' title="bbox 587 2326 1796 2402">
     <span class='ocr_line' id='line_1_20' title="bbox 587 2326 1796 2402; baseline -0.002 -15"><span class='ocrx_word' id='word_1_133' title='bbox 587 2327 804 2388; x_wconf 87' lang='lat' dir='ltr'><strong>Nullus</strong></span> <span class='ocrx_word' id='word_1_134' title='bbox 846 2342 953 2402; x_wconf 86' lang='lat' dir='ltr'><strong>par</strong></span> <span class='ocrx_word' id='word_1_135' title='bbox 990 2326 1185 2402; x_wconf 86' lang='lat' dir='ltr'><strong>potuit</strong></span> <span class='ocrx_word' id='word_1_136' title='bbox 1225 2342 1373 2399; x_wconf 90' lang='lat' dir='ltr'><strong>esse,</strong></span> <span class='ocrx_word' id='word_1_137' title='bbox 1417 2326 1628 2399; x_wconf 85' lang='lat' dir='ltr'><strong>Maria,</strong></span> <span class='ocrx_word' id='word_1_138' title='bbox 1663 2336 1796 2385; x_wconf 80' lang='lat' dir='ltr'><strong>tu0.</strong></span> 
     </span>
    </p>

    <p class='ocr_par' dir='ltr' id='par_1_20' title="bbox 590 2422 1850 2497">
     <span class='ocr_line' id='line_1_21' title="bbox 590 2422 1850 2497; baseline 0 -13"><span class='ocrx_word' id='word_1_139' title='bbox 590 2425 872 2485; x_wconf 89' lang='lat' dir='ltr'><strong>Infirmus</strong></span> <span class='ocrx_word' id='word_1_140' title='bbox 913 2440 1113 2497; x_wconf 86' lang='lat' dir='ltr'><strong>carne,</strong></span> <span class='ocrx_word' id='word_1_141' title='bbox 1153 2432 1244 2483; x_wconf 90' lang='lat' dir='ltr'><strong>set</strong></span> <span class='ocrx_word' id='word_1_142' title='bbox 1285 2422 1566 2483; x_wconf 91' lang='lat' dir='ltr'><strong>robustus</strong></span> <span class='ocrx_word' id='word_1_143' title='bbox 1608 2424 1850 2496; x_wconf 83' lang='lat' dir='ltr'><strong>deitate,</strong></span> 
     </span>
    </p>

    <p class='ocr_par' dir='ltr' id='par_1_21' title="bbox 587 2522 1987 2598">
     <span class='ocr_line' id='line_1_22' title="bbox 587 2522 1987 2598; baseline -0.002 -14"><span class='ocrx_word' id='word_1_144' title='bbox 587 2522 786 2584; x_wconf 87' lang='lat' dir='ltr'><strong>Carne</strong></span> <span class='ocrx_word' id='word_1_145' title='bbox 825 2522 1022 2581; x_wconf 89' lang='lat' dir='ltr'><strong>minor</strong></span> <span class='ocrx_word' id='word_1_146' title='bbox 1061 2531 1243 2597; x_wconf 84' lang='lat' dir='ltr'><strong>patre,</strong></span> <span class='ocrx_word' id='word_1_147' title='bbox 1289 2538 1394 2598; x_wconf 87' lang='lat' dir='ltr'><strong>par</strong></span> <span class='ocrx_word' id='word_1_148' title='bbox 1435 2522 1657 2582; x_wconf 88' lang='lat' dir='ltr'><strong>deitate</strong></span> <span class='ocrx_word' id='word_1_149' title='bbox 1697 2540 1987 2583; x_wconf 86' lang='lat' dir='ltr'><strong>manens:</strong></span> 
     </span>
    </p>

    <p class='ocr_par' dir='ltr' id='par_1_22' title="bbox 590 2618 2272 2696">
     <span class='ocr_line' id='line_1_23' title="bbox 590 2618 2272 2696; baseline 0.002 -18"><span class='ocrx_word' id='word_1_150' title='bbox 590 2620 758 2679; x_wconf 90' lang='lat' dir='ltr'><strong>Hinc</strong></span> <span class='ocrx_word' id='word_1_151' title='bbox 795 2618 917 2693; x_wconf 86' lang='lat' dir='ltr'><strong>alit,</strong></span> <span class='ocrx_word' id='word_1_152' title='bbox 959 2618 1103 2678; x_wconf 86' lang='lat' dir='ltr'><strong>hinc</strong></span> <span class='ocrx_word' id='word_1_153' title='bbox 1142 2619 1333 2692; x_wconf 90' lang='lat' dir='ltr'><strong>alitur,</strong></span> <span class='ocrx_word' id='word_1_154' title='bbox 1377 2618 1521 2678; x_wconf 87' lang='lat' dir='ltr'><strong>hinc</strong></span> <span class='ocrx_word' id='word_1_155' title='bbox 1560 2622 1765 2696; x_wconf 91' lang='lat' dir='ltr'><strong>pascit,</strong></span> <span class='ocrx_word' id='word_1_156' title='bbox 1812 2621 2070 2696; x_wconf 85' lang='lat' dir='ltr'><strong>pascitur</strong></span> <span class='ocrx_word' id='word_1_157' title='bbox 2112 2620 2272 2692; x_wconf 88' lang='lat' dir='ltr'><strong>inde,</strong></span> 
     </span>
    </p>

    <p class='ocr_par' dir='ltr' id='par_1_23' title="bbox 587 2716 2337 2795">
     <span class='ocr_line' id='line_1_24' title="bbox 587 2716 2337 2795; baseline 0.001 -17"><span class='ocrx_word' id='word_1_158' title='bbox 587 2718 756 2778; x_wconf 92' lang='lat' dir='ltr'><strong>Hinc</strong></span> <span class='ocrx_word' id='word_1_159' title='bbox 796 2717 959 2795; x_wconf 89' lang='lat' dir='ltr'><strong>regit,</strong></span> <span class='ocrx_word' id='word_1_160' title='bbox 1004 2718 1146 2776; x_wconf 91' lang='lat' dir='ltr'><strong>hinc</strong></span> <span class='ocrx_word' id='word_1_161' title='bbox 1187 2716 1422 2793; x_wconf 87' lang='lat' dir='ltr'><strong>regitur,</strong></span> <span class='ocrx_word' id='word_1_162' title='bbox 1465 2716 1608 2775; x_wconf 84' lang='lat' dir='ltr'><strong>hinc</strong></span> <span class='ocrx_word' id='word_1_163' title='bbox 1649 2718 1876 2795; x_wconf 90' lang='lat' dir='ltr'><strong>nequit,</strong></span> <span class='ocrx_word' id='word_1_164' title='bbox 1922 2718 2064 2779; x_wconf 91' lang='lat' dir='ltr'><strong>inde</strong></span> <span class='ocrx_word' id='word_1_165' title='bbox 2107 2728 2337 2795; x_wconf 87' lang='lat' dir='ltr'><strong>potest:</strong></span> 
     </span>
    </p>

    <p class='ocr_par' dir='ltr' id='par_1_24' title="bbox 585 2814 2147 2891">
     <span class='ocr_line' id='line_1_25' title="bbox 585 2814 2147 2891; baseline 0 -16"><span class='ocrx_word' id='word_1_166' title='bbox 585 2817 755 2876; x_wconf 90' lang='lat' dir='ltr'><strong>Hinc</strong></span> <span class='ocrx_word' id='word_1_167' title='bbox 795 2817 948 2875; x_wconf 88' lang='lat' dir='ltr'><strong>iacet</strong></span> <span class='ocrx_word' id='word_1_168' title='bbox 989 2816 1050 2875; x_wconf 91' lang='lat' dir='ltr'><strong>in</strong></span> <span class='ocrx_word' id='word_1_169' title='bbox 1092 2815 1263 2874; x_wconf 89' lang='lat' dir='ltr'><strong>cunis</strong></span> <span class='ocrx_word' id='word_1_170' title='bbox 1305 2823 1366 2874; x_wconf 89' lang='lat' dir='ltr'><strong>et</strong></span> <span class='ocrx_word' id='word_1_171' title='bbox 1406 2815 1667 2891; x_wconf 88' lang='lat' dir='ltr'><strong>postulat</strong></span> <span class='ocrx_word' id='word_1_172' title='bbox 1706 2814 1888 2876; x_wconf 85' lang='lat' dir='ltr'><strong>vbera</strong></span> <span class='ocrx_word' id='word_1_173' title='bbox 1930 2818 2147 2891; x_wconf 81' lang='lat' dir='ltr'><strong>matris,</strong></span> 
     </span>
    </p>

    <p class='ocr_par' dir='ltr' id='par_1_25' title="bbox 587 2912 2626 2987">
     <span class='ocr_line' id='line_1_26' title="bbox 587 2912 2626 2987; baseline -0.001 -14"><span class='ocrx_word' id='word_1_174' title='bbox 587 2914 756 2973; x_wconf 83' lang='lat' dir='ltr'><strong>Hinc</strong></span> <span class='ocrx_word' id='word_1_175' title='bbox 796 2922 1044 2974; x_wconf 84' lang='lat' dir='ltr'><strong>testatur</strong></span> <span class='ocrx_word' id='word_1_176' title='bbox 1083 2931 1224 2972; x_wconf 89' lang='lat' dir='ltr'><strong>eum</strong></span> <span class='ocrx_word' id='word_1_177' title='bbox 1265 2913 1488 2973; x_wconf 77' lang='lat' dir='ltr'><strong>celicas</strong></span> <span class='ocrx_word' id='word_1_178' title='bbox 1523 2912 1678 2973; x_wconf 86' lang='lat' dir='ltr'><strong>ordo</strong></span> <span class='ocrx_word' id='word_1_179' title='bbox 1717 2913 1939 2975; x_wconf 88' lang='lat' dir='ltr'><strong>deum:</strong></span> <span class='ocrx_word' id='word_1_180' title='bbox 2524 2936 2626 2987; x_wconf 78' lang='lat'><strong>400</strong></span> 
     </span>
    </p>

    <p class='ocr_par' dir='ltr' id='par_1_26' title="bbox 590 3009 2168 3088">
     <span class='ocr_line' id='line_1_27' title="bbox 590 3009 2168 3088; baseline 0.001 -17"><span class='ocrx_word' id='word_1_181' title='bbox 590 3011 758 3071; x_wconf 87' lang='lat' dir='ltr'><strong>Hinc</strong></span> <span class='ocrx_word' id='word_1_182' title='bbox 798 3028 1046 3088; x_wconf 88' lang='lat' dir='ltr'><strong>presepe</strong></span> <span class='ocrx_word' id='word_1_183' title='bbox 1087 3019 1252 3069; x_wconf 88' lang='lat' dir='ltr'><strong>tenet</strong></span> <span class='ocrx_word' id='word_1_184' title='bbox 1291 3022 1486 3069; x_wconf 88' lang='lat' dir='ltr'><strong>artum</strong></span> <span class='ocrx_word' id='word_1_185' title='bbox 1529 3009 1644 3070; x_wconf 86' lang='lat' dir='ltr'><strong>sub</strong></span> <span class='ocrx_word' id='word_1_186' title='bbox 1679 3028 1949 3087; x_wconf 77' lang='lat' dir='ltr'><strong>,paupere</strong></span> <span class='ocrx_word' id='word_1_187' title='bbox 1989 3021 2168 3086; x_wconf 79' lang='lat' dir='ltr'><strong>tecte,</strong></span> 
     </span>
    </p>

    <p class='ocr_par' dir='ltr' id='par_1_27' title="bbox 589 3107 1978 3184">
     <span class='ocr_line' id='line_1_28' title="bbox 589 3107 1978 3184; baseline -0.001 -16"><span class='ocrx_word' id='word_1_188' title='bbox 589 3109 755 3168; x_wconf 88' lang='lat' dir='ltr'><strong>Hinc</strong></span> <span class='ocrx_word' id='word_1_189' title='bbox 795 3108 876 3169; x_wconf 88' lang='lat' dir='ltr'><strong>ad</strong></span> <span class='ocrx_word' id='word_1_190' title='bbox 916 3126 1056 3169; x_wconf 90' lang='lat' dir='ltr'><strong>eum</strong></span> <span class='ocrx_word' id='word_1_191' title='bbox 1095 3126 1264 3184; x_wconf 87' lang='lat' dir='ltr'><strong>reges</strong></span> <span class='ocrx_word' id='word_1_192' title='bbox 1305 3108 1512 3184; x_wconf 88' lang='lat' dir='ltr'><strong>preuia</strong></span> <span class='ocrx_word' id='word_1_193' title='bbox 1552 3107 1723 3167; x_wconf 89' lang='lat' dir='ltr'><strong>stella</strong></span> <span class='ocrx_word' id='word_1_194' title='bbox 1763 3109 1978 3167; x_wconf 83' lang='lat' dir='ltr'><strong>trahit:</strong></span> 
     </span>
    </p>

    <p class='ocr_par' dir='ltr' id='par_1_28' title="bbox 587 3205 2255 3284">
     <span class='ocr_line' id='line_1_29' title="bbox 587 3205 2255 3284; baseline 0 -17"><span class='ocrx_word' id='word_1_195' title='bbox 587 3208 754 3267; x_wconf 89' lang='lat' dir='ltr'><strong>Hinc</strong></span> <span class='ocrx_word' id='word_1_196' title='bbox 793 3207 938 3280; x_wconf 85' lang='lat' dir='ltr'><strong>sitis,</strong></span> <span class='ocrx_word' id='word_1_197' title='bbox 982 3206 1220 3280; x_wconf 86' lang='lat' dir='ltr'><strong>esuries,</strong></span> <span class='ocrx_word' id='word_1_198' title='bbox 1262 3205 1524 3280; x_wconf 82' lang='lat' dir='ltr'><strong>lacrime,</strong></span> <span class='ocrx_word' id='word_1_199' title='bbox 1568 3205 1739 3266; x_wconf 89' lang='lat' dir='ltr'><strong>labor</strong></span> <span class='ocrx_word' id='word_1_200' title='bbox 1778 3216 1960 3284; x_wconf 91' lang='lat' dir='ltr'><strong>atque</strong></span> <span class='ocrx_word' id='word_1_201' title='bbox 2002 3206 2255 3279; x_wconf 78' lang='lat' dir='ltr'><strong>doloreS,</strong></span> 
     </span>
    </p>

    <p class='ocr_par' dir='ltr' id='par_1_29' title="bbox 588 3303 1795 3380">
     <span class='ocr_line' id='line_1_30' title="bbox 588 3303 1795 3380; baseline -0.001 -16"><span class='ocrx_word' id='word_1_202' title='bbox 588 3305 667 3365; x_wconf 92' lang='lat' dir='ltr'><strong>Et</strong></span> <span class='ocrx_word' id='word_1_203' title='bbox 707 3304 952 3365; x_wconf 88' lang='lat' dir='ltr'><strong>tandem</strong></span> <span class='ocrx_word' id='word_1_204' title='bbox 993 3304 1188 3380; x_wconf 92' lang='lat' dir='ltr'><strong>potuit</strong></span> <span class='ocrx_word' id='word_1_205' title='bbox 1230 3303 1582 3363; x_wconf 88' lang='lat' dir='ltr'><strong>sustinuisse</strong></span> <span class='ocrx_word' id='word_1_206' title='bbox 1621 3304 1795 3363; x_wconf 88' lang='lat' dir='ltr'><strong>mori.</strong></span> 
     </span>
    </p>

    <p class='ocr_par' dir='ltr' id='par_1_30' title="bbox 587 3400 1970 3479">
     <span class='ocr_line' id='line_1_31' title="bbox 587 3400 1970 3479; baseline 0.001 -19"><span class='ocrx_word' id='word_1_207' title='bbox 587 3402 836 3461; x_wconf 85' lang='lat' dir='ltr'><strong>Ponitur</strong></span> <span class='ocrx_word' id='word_1_208' title='bbox 875 3401 939 3460; x_wconf 87' lang='lat' dir='ltr'><strong>in</strong></span> <span class='ocrx_word' id='word_1_209' title='bbox 980 3401 1181 3478; x_wconf 85' lang='lat' dir='ltr'><strong>precio</strong></span> <span class='ocrx_word' id='word_1_210' title='bbox 1222 3416 1316 3460; x_wconf 90' lang='lat' dir='ltr'><strong>res</strong></span> <span class='ocrx_word' id='word_1_211' title='bbox 1357 3400 1793 3477; x_wconf 85' lang='lat' dir='ltr'><strong>impreciabilis,</strong></span> <span class='ocrx_word' id='word_1_212' title='bbox 1840 3402 1970 3479; x_wconf 88' lang='lat' dir='ltr'><strong>ipse</strong></span> 
     </span>
    </p>

    <p class='ocr_par' dir='ltr' id='par_1_31' title="bbox 585 3498 1936 3561">
     <span class='ocr_line' id='line_1_32' title="bbox 585 3498 1936 3561; baseline 0.001 -3"><span class='ocrx_word' id='word_1_213' title='bbox 585 3500 864 3559; x_wconf 85' lang='lat' dir='ltr'><strong>Proditur</strong></span> <span class='ocrx_word' id='word_1_214' title='bbox 901 3510 962 3559; x_wconf 92' lang='lat' dir='ltr'><strong>et</strong></span> <span class='ocrx_word' id='word_1_215' title='bbox 1004 3498 1248 3559; x_wconf 91' lang='lat' dir='ltr'><strong>modico</strong></span> <span class='ocrx_word' id='word_1_216' title='bbox 1285 3498 1568 3560; x_wconf 79' lang='lat' dir='ltr'><strong>venditur</strong></span> <span class='ocrx_word' id='word_1_217' title='bbox 1607 3516 1706 3559; x_wconf 89' lang='lat' dir='ltr'><strong>ere</strong></span> <span class='ocrx_word' id='word_1_218' title='bbox 1745 3499 1936 3561; x_wconf 89' lang='lat' dir='ltr'><strong>deus:</strong></span> 
     </span>
    </p>

    <p class='ocr_par' dir='ltr' id='par_1_32' title="bbox 585 3596 2072 3674">
     <span class='ocr_line' id='line_1_33' title="bbox 585 3596 2072 3674; baseline -0.001 -18"><span class='ocrx_word' id='word_1_219' title='bbox 585 3599 850 3674; x_wconf 89' lang='lat' dir='ltr'><strong>Postque</strong></span> <span class='ocrx_word' id='word_1_220' title='bbox 890 3598 1065 3671; x_wconf 87' lang='lat' dir='ltr'><strong>salus,</strong></span> <span class='ocrx_word' id='word_1_221' title='bbox 1110 3598 1247 3669; x_wconf 81' lang='lat' dir='ltr'><strong>vita,</strong></span> <span class='ocrx_word' id='word_1_222' title='bbox 1293 3596 1422 3657; x_wconf 87' lang='lat' dir='ltr'><strong>seui</strong></span> <span class='ocrx_word' id='word_1_223' title='bbox 1464 3597 1746 3673; x_wconf 89' lang='lat' dir='ltr'><strong>predacio</strong></span> <span class='ocrx_word' id='word_1_224' title='bbox 1788 3597 2027 3657; x_wconf 88' lang='lat' dir='ltr'><strong>claustri</strong></span> <span class='ocrx_word' id='word_1_225' title='bbox 2052 3616 2072 3673; x_wconf 85' lang='lat'><em>3</em></span> 
     </span>
    </p>

    <p class='ocr_par' dir='ltr' id='par_1_33' title="bbox 590 3694 1864 3771">
     <span class='ocr_line' id='line_1_34' title="bbox 590 3694 1864 3771; baseline 0.003 -18"><span class='ocrx_word' id='word_1_226' title='bbox 590 3694 744 3755; x_wconf 88' lang='lat' dir='ltr'><strong>Inde</strong></span> <span class='ocrx_word' id='word_1_227' title='bbox 786 3695 1068 3755; x_wconf 88' lang='lat' dir='ltr'><strong>resurexit</strong></span> <span class='ocrx_word' id='word_1_228' title='bbox 1109 3710 1289 3771; x_wconf 83' lang='lat' dir='ltr'><strong>regna</strong></span> <span class='ocrx_word' id='word_1_229' title='bbox 1330 3702 1576 3771; x_wconf 82' lang='lat' dir='ltr'><strong>paterna</strong></span> <span class='ocrx_word' id='word_1_230' title='bbox 1618 3706 1864 3771; x_wconf 88' lang='lat' dir='ltr'><strong>petens:</strong></span> 
     </span>
    </p>

    <p class='ocr_par' dir='ltr' id='par_1_34' title="bbox 590 3789 1963 3870">
     <span class='ocr_line' id='line_1_35' title="bbox 590 3789 1963 3870; baseline 0 -19"><span class='ocrx_word' id='word_1_231' title='bbox 590 3791 945 3870; x_wconf 84' lang='lat' dir='ltr'><strong>Iudicioque</strong></span> <span class='ocrx_word' id='word_1_232' title='bbox 985 3810 1112 3866; x_wconf 84' lang='lat' dir='ltr'><strong>suc,</strong></span> <span class='ocrx_word' id='word_1_233' title='bbox 1159 3792 1294 3852; x_wconf 88' lang='lat' dir='ltr'><strong>finis</strong></span> <span class='ocrx_word' id='word_1_234' title='bbox 1335 3807 1476 3851; x_wconf 82' lang='lat' dir='ltr'><strong>cum</strong></span> <span class='ocrx_word' id='word_1_235' title='bbox 1517 3792 1744 3852; x_wconf 83' lang='lat' dir='ltr'><strong>venerit</strong></span> <span class='ocrx_word' id='word_1_236' title='bbox 1785 3789 1963 3867; x_wconf 87' lang='lat' dir='ltr'><strong>orbis,</strong></span> 
     </span>
    </p>

    <p class='ocr_par' dir='ltr' id='par_1_35' title="bbox 591 3888 2633 4065">
     <span class='ocr_line' id='line_1_36' title="bbox 591 3888 2633 3967; baseline 0 -18"><span class='ocrx_word' id='word_1_237' title='bbox 591 3888 895 3951; x_wconf 90' lang='lat' dir='ltr'><strong>Attribuet</strong></span> <span class='ocrx_word' id='word_1_238' title='bbox 934 3890 1168 3950; x_wconf 88' lang='lat' dir='ltr'><strong>cunctis</strong></span> <span class='ocrx_word' id='word_1_239' title='bbox 1209 3906 1330 3966; x_wconf 89' lang='lat' dir='ltr'><strong>que</strong></span> <span class='ocrx_word' id='word_1_240' title='bbox 1367 3907 1640 3950; x_wconf 86' lang='lat' dir='ltr'><strong>meruere</strong></span> <span class='ocrx_word' id='word_1_241' title='bbox 1681 3890 1859 3967; x_wconf 76' lang='lat' dir='ltr'><strong>prius·</strong></span> <span class='ocrx_word' id='word_1_242' title='bbox 2531 3912 2633 3963; x_wconf 81' lang='lat'><strong>4¹0</strong></span> 
     </span>
     <span class='ocr_line' id='line_1_37' title="bbox 671 3986 2236 4065; baseline -0.001 -17"><span class='ocrx_word' id='word_1_243' title='bbox 671 3988 771 4048; x_wconf 92' lang='lat' dir='ltr'><strong>Sic</strong></span> <span class='ocrx_word' id='word_1_244' title='bbox 809 3987 998 4047; x_wconf 85' lang='lat' dir='ltr'><strong>homo</strong></span> <span class='ocrx_word' id='word_1_245' title='bbox 1038 3988 1352 4064; x_wconf 78' lang='lat' dir='ltr'><strong>perfectuS,</strong></span> <span class='ocrx_word' id='word_1_246' title='bbox 1398 3987 1485 4047; x_wconf 89' lang='lat' dir='ltr'><strong>sic</strong></span> <span class='ocrx_word' id='word_1_247' title='bbox 1524 3986 1820 4065; x_wconf 80' lang='lat' dir='ltr'><strong>perfectus</strong></span> <span class='ocrx_word' id='word_1_248' title='bbox 1863 3987 2014 4047; x_wconf 88' lang='lat' dir='ltr'><strong>deus</strong></span> <span class='ocrx_word' id='word_1_249' title='bbox 2056 3986 2236 4061; x_wconf 89' lang='lat' dir='ltr'><strong>idem,</strong></span> 
     </span>
    </p>

    <p class='ocr_par' dir='ltr' id='par_1_36' title="bbox 591 4082 2103 4163">
     <span class='ocr_line' id='line_1_38' title="bbox 591 4082 2103 4163; baseline -0.001 -20"><span class='ocrx_word' id='word_1_250' title='bbox 591 4084 952 4161; x_wconf 84' lang='lat' dir='ltr'><strong>Exsequitur</strong></span> <span class='ocrx_word' id='word_1_251' title='bbox 987 4085 1172 4162; x_wconf 83' lang='lat' dir='ltr'><strong>plene</strong></span> <span class='ocrx_word' id='word_1_252' title='bbox 1214 4084 1505 4163; x_wconf 88' lang='lat' dir='ltr'><strong>quicquid</strong></span> <span class='ocrx_word' id='word_1_253' title='bbox 1548 4096 1866 4161; x_wconf 75' lang='lat' dir='ltr'><strong>vti-umque</strong></span> <span class='ocrx_word' id='word_1_254' title='bbox 1907 4082 2103 4144; x_wconf 89' lang='lat' dir='ltr'><strong>decet.</strong></span> 
     </span>
    </p>

    <p class='ocr_par' dir='ltr' id='par_1_37' title="bbox 589 4179 2238 4269">
     <span class='ocr_line' id='line_1_39' title="bbox 589 4179 2238 4269; baseline -0.001 -28"><span class='ocrx_word' id='word_1_255' title='bbox 589 4182 858 4259; x_wconf 85' lang='lat' dir='ltr'><strong>Suggerit</strong></span> <span class='ocrx_word' id='word_1_256' title='bbox 895 4182 1017 4243; x_wconf 91' lang='lat' dir='ltr'><strong>hoc</strong></span> <span class='ocrx_word' id='word_1_257' title='bbox 1053 4198 1264 4243; x_wconf 80' lang='lat' dir='ltr'><strong>verum</strong></span> <span class='ocrx_word' id='word_1_258' title='bbox 1305 4183 1556 4243; x_wconf 77' lang='lat' dir='ltr'><strong>mortale</strong></span> <span class='ocrx_word' id='word_1_259' title='bbox 1596 4180 1763 4260; x_wconf 92' lang='lat' dir='ltr'><strong>quod</strong></span> <span class='ocrx_word' id='word_1_260' title='bbox 1805 4179 1986 4241; x_wconf 86' lang='lat' dir='ltr'><strong>vbera</strong></span> <span class='ocrx_word' id='word_1_261' title='bbox 2026 4182 2238 4269; x_wconf 77' lang='lat' dir='ltr'><strong>suggit,</strong></span> 
     </span>
    </p>

    <p class='ocr_par' dir='ltr' id='par_1_38' title="bbox 593 4278 2118 4359">
     <span class='ocr_line' id='line_1_40' title="bbox 593 4278 2118 4359; baseline 0.001 -20"><span class='ocrx_word' id='word_1_262' title='bbox 593 4278 776 4354; x_wconf 90' lang='lat' dir='ltr'><strong>Quod</strong></span> <span class='ocrx_word' id='word_1_263' title='bbox 817 4298 978 4340; x_wconf 84' lang='lat' dir='ltr'><strong>noua</strong></span> <span class='ocrx_word' id='word_1_264' title='bbox 1020 4278 1191 4341; x_wconf 82' lang='lat' dir='ltr'><strong>stena</strong></span> <span class='ocrx_word' id='word_1_265' title='bbox 1229 4281 1379 4359; x_wconf 89' lang='lat' dir='ltr'><strong>gerit</strong></span> <span class='ocrx_word' id='word_1_266' title='bbox 1419 4282 1678 4359; x_wconf 85' lang='lat' dir='ltr'><strong>suggerit</strong></span> <span class='ocrx_word' id='word_1_267' title='bbox 1720 4298 1852 4341; x_wconf 91' lang='lat' dir='ltr'><strong>esse</strong></span> <span class='ocrx_word' id='word_1_268' title='bbox 1892 4280 2118 4341; x_wconf 86' lang='lat' dir='ltr'><strong>deum:</strong></span> 
     </span>
    </p>
   </div>
   <div class='ocr_carea' id='block_1_5' title="bbox 974 4408 2095 4507">
    <p class='ocr_par' dir='ltr' id='par_1_39' title="bbox 974 4408 2095 4507">
     <span class='ocr_line' id='line_1_41' title="bbox 974 4408 2095 4507; baseline 0.001 -14"><span class='ocrx_word' id='word_1_269' title='bbox 974 4408 1075 4507; x_wconf 62' lang='grc' dir='ltr'><strong>[ωε</strong></span> <span class='ocrx_word' id='word_1_270' title='bbox 1107 4444 1368 4495; x_wconf 64' lang='lat' dir='ltr'><strong>mit</strong></span> <span class='ocrx_word' id='word_1_271' title='bbox 1389 4444 1535 4496; x_wconf 74' lang='lat' dir='ltr'><strong>sm·</strong></span> <span class='ocrx_word' id='word_1_272' title='bbox 1594 4445 1883 4495; x_wconf 62' lang='lat' dir='ltr'><strong>renuent</strong></span> <span class='ocrx_word' id='word_1_273' title='bbox 1904 4442 2095 4495; x_wconf 64' lang='lat' dir='ltr'><strong>cnm.</strong></span> 
     </span>
    </p>
   </div>
  </div>
 </body>
</html>
