3434 5142
1055 478 1498 545 SECUNDA
1545 478 1781 544 PARS
2543 501 2689 565 325.

481 637 719 701 Incidet
758 638 822 698 in
862 650 1116 699 mortem
1145 660 1158 699 :
1213 642 1406 700 trahat
1447 642 1604 701 hanc
1645 658 1829 717 quam
1848 688 1853 692 .
1871 641 1996 700 vult
2038 638 2150 701 sibi
2192 651 2429 701 sortem.
2542 641 2867 704 longinquas,
2911 647 2963 689 vt
3002 642 3069 689 ibi
3107 640 3160 689 in

481 737 604 815 Qui
646 756 786 798 cum
827 757 962 816 rege
1002 758 1172 816 pares
1213 739 1445 799 fuerant
1485 750 1629 799 tunc
1668 737 2027 811 consiliareS,
2542 722 2748 821 332¹:
2784 716 3163 835 Ρῐίεἱῖἷὲῗῒῗᾶ

479 838 700 896 Vrsum
741 846 1120 913 temptarunt,
1165 834 1293 897 eius
1335 856 1578 914 quoque
1618 838 1771 897 velle
1812 835 2177 914 probarunt:
2542 838 2867 899 mancipauit·

479 933 606 994 Hic
644 932 828 994 vitam
869 944 1082 1012 portat,
1123 933 1274 994 alius
1315 944 1690 1010 mortemque
1730 944 2028 1011 reportat;

480 1030 604 1091 Hic
643 1033 1000 1106 consolatur,
1043 1030 1195 1092 alius
1235 1032 1602 1110 quandoque
1643 1029 1903 1091 minatur
1925 1054 1944 1106 3

479 1127 751 1211 Quisque
791 1130 965 1190 dolos
1005 1128 1190 1207 fingit,
1235 1129 1454 1206 quibus
1495 1127 1630 1189 Vrsi
1671 1139 1916 1207 pectora
1956 1127 2202 1207 stringit,

409 1266 420 1282 .
478 1229 622 1304 Quo
662 1226 861 1287 minus
899 1226 1172 1306 agnoscit
1211 1226 1360 1305 quid
1400 1225 1521 1304 regi
1561 1225 1764 1287 dicere
1804 1226 2008 1305 possit.

477 1324 696 1403 Sicque
736 1324 1010 1404 fatigatus
1051 1326 1296 1386 tandem
1337 1326 1416 1386 de
1457 1324 1592 1385 labe
1633 1334 1829 1385 reatus

478 1423 556 1484 Se
596 1424 722 1484 fore
761 1422 1106 1484 conuictum
1148 1422 1380 1484 reddit:
1435 1420 1546 1482 fuit
1587 1424 1706 1483 hoc
1748 1425 1903 1483 male
1944 1421 2173 1484 dictum
2200 1444 2213 1482 ε
2422 1434 2518 1483 180

478 1520 610 1580 Tali
652 1540 925 1582 sermone
965 1531 1358 1582 concrescunt
1390 1519 1520 1581 iura
1558 1538 1798 1594 corone,

478 1619 610 1679 Rex
649 1630 766 1679 tres
805 1618 1045 1692 deuicit,
1085 1637 1240 1679 vnus
1281 1617 1424 1697 quia
1461 1617 1602 1679 talia
1641 1616 1805 1679 dicit.

477 1717 576 1777 Ad
617 1715 768 1794 regis
807 1728 948 1777 vota
985 1715 1097 1776 fuit
1137 1715 1274 1776 Vrsi
1313 1715 1512 1777 diccio
1551 1727 1694 1791 tota,

477 1814 798 1892 Omneque
837 1816 1158 1892 respondet
1198 1816 1465 1888 verbum,
1510 1814 1676 1891 quod
1717 1832 1821 1873 rex
1860 1811 1973 1873 sibi
2017 1814 2311 1893 spondet:

476 1912 580 1972 Set
621 1930 761 1971 cum
803 1910 889 1971 sic
929 1930 1066 1972 vere
1107 1910 1230 1989 regi
1270 1922 1444 1990 putat
1483 1910 1613 1989 ipse
1653 1913 1906 1989 placere,

480 2006 666 2087 Regis
707 2018 768 2067 et
807 2008 888 2068 ad
929 2018 1142 2068 numm
1183 2008 1459 2086 sperabat
1500 2026 1565 2069 se
1605 2009 1733 2068 fore
1772 2018 1985 2080 tutum,

475 2108 652 2166 Tunc
693 2104 880 2184 magis
919 2104 1118 2167 amisit
1153 2124 1276 2184 que
1313 2126 1418 2167 rex
1459 2104 1572 2166 sibi
1614 2106 1817 2166 federa
1857 2104 2055 2181 misit3

474 2204 634 2265 Nam
677 2205 843 2281 quod
885 2202 1156 2283 promisit
1195 2222 1296 2264 rex
1336 2214 1578 2281 pactum
1620 2201 1883 2281 denique
1924 2201 2065 2278 risit,

476 2304 556 2362 Et
595 2300 681 2362 sic
721 2303 966 2362 delusus
1005 2300 1117 2360 fuit
1155 2303 1344 2361 Vrsus
1383 2301 1464 2362 ab
1503 2319 1608 2361 ore
1647 2302 1927 2374 reclusus

473 2399 654 2460 Vnde
693 2398 862 2477 pium
901 2398 1150 2459 verbum
1191 2408 1368 2476 gustu
1409 2398 1596 2476 magis
1637 2408 1799 2459 extat
1837 2398 2137 2459 acerbum.
2420 2422 2513 2475 ¹90

475 2496 636 2569 Heu,
680 2515 864 2574 quam
904 2515 998 2556 res
1039 2494 1252 2556 tristis!
1302 2496 1439 2570 heu,
1482 2516 1667 2574 quam
1707 2494 1818 2556 fuit
1858 2515 2020 2556 error
2058 2496 2121 2555 in
2162 2494 2305 2570 istis,

472 2595 739 2671 Quando
777 2613 954 2654 suum
997 2604 1238 2672 pactum
1279 2612 1381 2654 rex
1421 2612 1544 2655 non
1585 2592 1867 2672 produidt
1906 2591 1969 2652 in
2010 2597 2248 2654 actum!

473 2690 670 2771 Fingit
708 2701 770 2753 et
810 2690 1040 2771 ignorat
1079 2711 1200 2771 que
1239 2712 1342 2753 rex
1381 2702 1526 2752 tunc
1565 2692 1774 2779 fraude
1814 2693 2056 2765 colorat,

473 2790 569 2851 De
609 2788 828 2868 quibus
869 2801 1174 2851 extentum
1217 2789 1352 2851 finis
1393 2791 1572 2852 docet
1611 2789 2101 2869 experimentum.

469 2890 658 2949 Vrsus
697 2889 1000 2967 poscebat,
1045 2889 1213 2966 quod
1253 2907 1356 2949 rex
1395 2907 1520 2948 non
1561 2887 1922 2967 perficiebat,

473 2986 605 3046 Nec
645 2986 834 3065 pudet
874 2987 992 3046 hoc
1033 2996 1283 3062 gestum,
1327 2984 1550 3046 fraudis
1590 2986 1758 3062 quod
1799 2994 1923 3045 erat
1964 2982 2361 3045 manifestum.

468 3084 688 3143 Vrsum
728 3092 1160 3160 contemptum,
1203 3084 1367 3141 nulla
1406 3080 1626 3159 pietate
1666 3082 2061 3158 redemptum,

472 3178 667 3241 Exilio
706 3182 1020 3257 demptum
1063 3178 1267 3239 statuit
1307 3198 1408 3239 rex
1447 3197 1578 3239 esse
1618 3188 2035 3257 peremptum:

471 3279 678 3339 Insula
714 3287 860 3337 tunc
900 3274 1162 3337 hominis
1201 3275 1528 3354 longinqua
1566 3294 1684 3353 que
1727 3277 1905 3353 plena
1943 3274 2129 3337 ruinis

469 3377 722 3439 Carcere
763 3374 1070 3436 concludit
1110 3377 1348 3447 Vrsum,
1393 3394 1574 3452 quem
1616 3393 1773 3452 pena
1814 3373 2078 3436 retrudit.
2408 3398 2506 3435 200

470 3476 656 3552 Quod
695 3472 783 3534 sic
822 3473 1077 3545 ledebat,
1121 3472 1244 3551 regi
1283 3492 1409 3533 non
1450 3471 1795 3549 sufficiebat,

467 3574 570 3633 Set
611 3570 770 3649 capit
808 3591 882 3632 ex
922 3581 1052 3632 toto
1092 3581 1274 3632 terras
1316 3571 1536 3632 herede
1577 3581 1827 3645 remot0,

467 3671 528 3730 N
529 3688 600 3731 ec
640 3668 756 3729 sibi
795 3668 1103 3731 dimissam
1144 3656 1350 3730 solam⁴
1374 3671 1540 3730 fouet
1579 3668 1679 3730 hic
1723 3667 2122 3743 Comitissam‚

465 3770 568 3828 Set
609 3766 796 3846 magis
833 3764 1078 3840 amouit,
1121 3766 1366 3845 inopem
1406 3786 1589 3845 quam
1631 3766 1813 3830 Curia
1852 3766 2040 3828 nouit.

464 3864 564 3925 Sic
603 3885 704 3927 rex
743 3863 980 3937 deleuit,
1022 3884 1207 3942 quem
1247 3875 1376 3926 tota
1413 3863 1723 3943 prouincia
1762 3863 1965 3940 fleuit3

465 3964 563 4023 Ne
603 3964 800 4040 plures
840 3964 1017 4035 ledat,
1057 3962 1317 4024 moriens
1356 3961 1520 4042 prius
1559 3962 1688 4041 ipse
1729 3962 1985 4024 recedat.

467 4061 678 4121 Restat
717 4060 916 4120 adhuc
958 4059 1087 4121 dira
1126 4080 1304 4121 mons
1347 4062 1548 4121 Ethna
1589 4062 1811 4122 latente
1850 4060 1965 4121 sub
2005 4059 2092 4120 ira

463 4148 664 4235 RegiS,
706 4158 1017 4235 dumque
1057 4159 1218 4220 faces
1258 4157 1446 4237 magis
1485 4157 1720 4219 obtinet
1758 4157 1927 4221 inde
1967 4176 2223 4219 voraces

462 4258 663 4334 Quem
705 4274 807 4315 rex
844 4253 1043 4330 iratus,
1087 4255 1415 4334 quamuis
1456 4254 1612 4317 sine
1650 4257 1813 4317 labe
1854 4267 2109 4329 reatu,

367 4398 466 4445 208
498 4394 745 4460 dumque]
768 4395 858 4458 qui
881 4394 1014 4445 Hu-
1200 4393 1348 4460 inde]
1372 4394 1459 4444 iue
1485 4392 1620 4445 HR,
1802 4395 1951 4461 209ss
1986 4396 2221 4460 quamuis
2244 4396 2359 4447 sine
2382 4395 2497 4447 labe

301 4482 477 4526 reatus
498 4473 712 4539 Tangit]
735 4473 907 4539 tetigit
929 4474 997 4525 de
1017 4472 1132 4525 face
1153 4480 1326 4525 reatus
1350 4472 1476 4524 Eius
1501 4472 1634 4525 HR,
