3434 5142
822 457 946 537 ηε
1523 452 1721 520 vox
1778 452 2319 521 cLAMANT1s

987 614 1426 692 Mendacisque
1465 615 1571 675 diu
1613 613 1849 692 pietatis
1888 614 2111 675 fallitur
2148 614 2373 689 vmbra,

985 712 1142 771 Tam
1183 710 1319 785 cite,
1363 730 1504 771 cum
1542 711 1781 789 grauius
1820 708 1970 789 quid
2010 711 2123 772 sibi
2165 712 2316 773 ferre
2354 713 2521 773 velis.

984 808 1084 869 Sic
1125 810 1300 885 lupus
1341 808 1556 885 agnelli
1597 818 1791 869 tectus
1830 808 1946 869 sub
1988 808 2205 869 vellere
2244 808 2459 870 dentes

986 905 1045 966 Ν
1053 905 1210 979 udat,
1255 917 1315 965 et
1356 904 1576 965 insecta
1615 902 1826 981 pandit
1866 916 2073 981 operta
2114 906 2307 967 malaz

984 1003 1111 1064 Sub
1151 1004 1286 1063 vicii
1327 1014 1462 1064 taxa
1501 1003 1589 1065 sic
1627 1004 1812 1063 virtus
1854 1004 2009 1063 victa
2048 1002 2297 1075 laborat,

985 1101 1166 1163 Liber
1206 1113 1267 1163 et
1307 1120 1344 1161 a
1383 1120 1560 1163 seruo
1601 1102 1685 1161 nil
1726 1102 1914 1163 modo
1954 1102 2095 1163 iuris
2137 1100 2337 1163 habet.
2934 1128 3038 1163 πο

981 1201 1084 1261 Ad
1124 1199 1408 1277 placitum
1451 1199 1618 1263 viciis
1658 1200 1927 1261 laxantur
1966 1202 2133 1261 ftena
2172 1200 2435 1277 pudoris„

985 1300 1069 1357 Vt
1111 1297 1323 1359 tollant
1361 1306 1588 1374 gratam
1630 1294 1899 1357 moribus
1938 1298 2025 1357 ire
2065 1297 2241 1357 viam.

931 1432 937 1437 ·
984 1395 1084 1455 Sic
1124 1412 1238 1472 ego
1279 1393 1580 1455 concludo
1621 1393 1897 1467 breuiter,
1938 1395 2123 1455 virtus
2163 1396 2331 1472 quod
2370 1395 2593 1473 vbique

982 1489 1282 1565 Subiacet,
1326 1503 1387 1553 et
1427 1491 1650 1552 vicium
1691 1510 1915 1553 scanne
1956 1493 2151 1569 priora
2190 1504 2392 1555 tenet:

983 1590 1200 1651 Omnis
1242 1599 1302 1650 et
1343 1600 1586 1651 econtra
1627 1591 1775 1651 fallit
1816 1590 2003 1651 modo
2044 1592 2245 1669 regula
2284 1608 2469 1665 versa,

984 1688 1137 1747 Sunt
1179 1697 1238 1747 et
1281 1688 1342 1745 in
1385 1684 1532 1748 orbe
1573 1706 1739 1748 nouo
1778 1698 1996 1749 cuncta
2036 1687 2249 1749 referta
2288 1688 2450 1750 dole.

892 1872 1012 1928 Hic
1045 1874 1329 1943 loquitur
1359 1872 1564 1929 adhuc
1594 1874 1868 1931 vlteriue
1902 1874 1982 1929 de
2014 1874 2289 1931 miseriis
2320 1890 2443 1943 que
2465 1875 2534 1929 in
2556 1874 2780 1943 pedum
2816 1876 3039 1931 statne

820 1962 1191 2018 diuersitate
1213 1961 1581 2019 nouissimis
1603 1961 1731 2017 ium
1755 1963 2145 2031 temporibus
2169 1963 2531 2019 eueniendie
2554 1962 2995 2031 figurabantur
3018 1982 3035 2017 :

820 2048 977 2104 dicit
1025 2050 1192 2103 enim
1237 2050 1402 2117 quod
1443 2065 1523 2104 ea
1565 2065 1684 2119 que
1731 2065 1932 2119 nuper
1982 2051 2375 2105 condicionis
2418 2050 2693 2107 humane
2739 2053 3039 2107 vittuosa

819 2138 1090 2201 fuerant,
1115 2136 1183 2189 in
1209 2151 1389 2191 suum
1412 2136 1601 2192 modo
1625 2137 2015 2193 contrarium
2038 2137 2292 2205 singula
2314 2137 2727 2194 diuertuntur.

623 2262 819 2336 Capm.
851 2259 950 2318 iiii.
1076 2259 1204 2317 Res
1246 2258 1312 2316 fit
1352 2276 1554 2319 amara
1593 2259 1782 2319 modo
1822 2258 2033 2333 dulcis,
2076 2260 2145 2319 fit
2185 2257 2377 2319 dulcis
2416 2278 2635 2333 amara,

986 2354 1274 2431 Fedaque
1318 2356 1385 2415 fit
1425 2356 1650 2432 pulcra,
1694 2357 1901 2418 deficit
1941 2358 2093 2419 ordo
2135 2356 2310 2434 quia:

985 2453 1085 2514 Fit
1125 2454 1288 2514 scola
1329 2472 1494 2513 nunc
1535 2454 1783 2529 heresiS,
1824 2455 1977 2515 fiunt
2016 2465 2383 2533 peccataque
2426 2472 2639 2530 mores,

990 2551 1087 2609 Fit
1129 2550 1306 2611 dolus
1347 2552 1674 2629 ingenium,
1717 2563 2007 2630 raptaque
2046 2552 2233 2629 preda
2272 2552 2540 2614 lucrum:
2941 2576 3043 2612 220

987 2648 1084 2707 Fit
1124 2665 1289 2707 sacer
1331 2648 1482 2708 ordo
1522 2667 1723 2727 vagus,
1770 2650 2001 2725 fingens
2042 2649 2309 2727 ypocrita
2348 2658 2609 2723 sanctus,

991 2745 1381 2822 Magniloqus
1423 2745 1682 2821 sapienS,
1724 2747 1940 2807 stultus
1980 2756 2041 2807 et
2084 2747 2213 2823 ipse
2254 2746 2470 2809 silens:

989 2842 1318 2905 Confessor
1359 2843 1556 2903 mollis
1597 2855 1877 2921 peccator
1918 2845 1985 2904 fit
2026 2846 2339 2917 residiuuS,

992 2940 1194 3001 Verba
1236 2941 1376 3000 satis
1419 2952 1642 3011 sancta,
1685 2942 1843 3001 sacta
1884 2953 1975 3002 set
2016 2943 2146 3020 ipsa
2186 2943 2361 3004 mala.

988 3038 1269 3101 Custodit
1310 3040 1505 3117 vulpis
1545 3039 1733 3100 modo
1776 3042 1970 3119 pullos
2010 3050 2073 3101 et
2115 3041 2290 3117 lupus
2330 3058 2535 3119 agnoe,

875 3164 880 3168 ·
992 3135 1272 3196 Perdices
1314 3135 1480 3197 nisus
1519 3138 1803 3215 lignaque
1846 3136 2005 3199 sicca
2046 3139 2235 3199 focus.

992 3235 1288 3294 Doctores
1329 3234 1484 3293 vicia
1524 3234 1840 3297 mendacia
1880 3245 2193 3314 suntque
2234 3235 2617 3313 prophete3

995 3328 1228 3389 Fabula
1267 3330 1408 3389 ficta
1446 3332 1660 3408 placet,
1705 3332 1875 3393 litera
1914 3350 2081 3393 sacra
2122 3331 2343 3391 nichil:

995 3428 1290 3503 Displicet
1331 3429 1654 3504 expediens
1697 3429 1986 3503 doctrina,
2031 3438 2121 3491 set
2165 3428 2264 3489 illa
2304 3429 2581 3507 voluptas

991 3518 1304 3583 Dictorum
1347 3524 1600 3585 Veneris
1640 3526 1863 3602 gaudet
1902 3526 1965 3585 in
2007 3543 2150 3585 aure
2190 3526 2349 3587 satis·
2942 3548 3047 3599 230

996 3620 1178 3680 Nunc
1218 3639 1388 3680 amor
1427 3631 1519 3681 est
1559 3622 1749 3696 luxuS,
1793 3633 1855 3683 et
1893 3622 2251 3685 adulterium
2294 3623 2481 3683 modo
2524 3622 2715 3695 nubit,

999 3718 1080 3778 Et
1123 3717 1290 3779 iubet
1331 3718 1593 3780 incestus
1636 3720 1764 3781 iura
1804 3722 2025 3798 pudica
2064 3720 2285 3785 michi:

999 3816 1074 3874 In
1113 3816 1357 3892 vulgum
1399 3817 1590 3877 clerus
1631 3820 2015 3893 conuertitur,
2058 3829 2121 3879 et
2161 3818 2348 3879 modo
2389 3818 2639 3895 vulgus

999 3910 1074 3971 In
1115 3912 1306 3973 forma
1346 3914 1486 3973 cleri
1528 3914 1793 3993 disputat
1834 3926 1967 3975 acta
2008 3916 2126 3975 dei.

1087 4010 1238 4069 Sunt
1281 4012 1436 4071 serui
1477 4014 1727 4087 domini,
1772 4026 1910 4074 sunt
1952 4025 2011 4073 et
2054 4014 2286 4074 domini
2328 4014 2517 4075 modo
2558 4015 2749 4087 seru13

1003 4108 1128 4182 Qui
1170 4110 1352 4168 nichil
1394 4121 1454 4170 et
1495 4111 1725 4185 didicit,
1769 4112 1974 4173 omnia
2015 4113 2165 4173 scire
2206 4122 2410 4189 putat:

1002 4206 1287 4265 Rusticus
1329 4208 1571 4285 ingenui
1613 4228 1680 4270 se
1720 4210 1988 4270 moribus
2028 4211 2338 4270 assimilari

1003 4301 1219 4379 Fingit,
1264 4314 1324 4363 et
1365 4304 1428 4363 in
1469 4316 1632 4365 veste
1674 4306 1778 4366 dat
1821 4326 1929 4367 sua
1970 4308 2139 4385 signa
2180 4308 2307 4367 fore
2322 4328 2341 4382 3

909 4450 1006 4497 218
1038 4448 1253 4511 pulchra
1275 4450 1318 4501 C
1467 4466 1564 4515 237
1600 4452 1793 4516 ingenii
1817 4454 1869 4504 H
1896 4456 2065 4521 (corr.)
2134 4454 2427 4518 Ingenuum
2452 4455 2495 4504 L
2645 4453 2933 4505 assimuhri
2955 4453 3049 4504 (ΣΕ
