3434 5142
779 482 898 561 146

1480 476 1678 542 VOX
1738 474 2280 541 CLAMANTIS

936 636 1128 699 Sentit
1168 648 1228 698 et
1269 636 1330 697 in
1373 656 1515 697 casu
1556 637 1727 715 plura
1766 636 2065 715 profunda
2106 644 2326 695 mouet.

938 734 1324 813 Responsalis
1364 733 1421 795 ei
1461 735 1785 813 respondet
1824 736 1903 795 ad
1942 732 2165 807 omnia,
2208 751 2408 810 quare,

936 834 1067 895 Nec
1109 832 1248 893 sinit
1289 854 1326 893 a
1365 832 1559 911 logica
1599 830 1887 910 quicquid
1926 829 2093 893 abire
2134 850 2277 904 sua3
2852 851 2983 903 1450

935 932 1211 1009 Sepeque
1253 930 1486 993 doctori
1525 929 1923 1003 concluditur,
1967 928 2215 1007 ipseque
2258 936 2491 989 tantum

936 1028 1241 1091 Confusus
1283 1029 1568 1089 cathedra
1607 1026 1825 1106 linquit
1864 1026 2062 1088 inesse
2104 1044 2227 1087 sua.

933 1125 1156 1188 Leccio
1199 1110 1369 1189 lecta'
1395 1137 1593 1200 nocet,
1637 1125 1840 1187 decies
1880 1124 2133 1203 repetita
2170 1122 2454 1197 nocebit3

937 1225 1100 1284 Dum
1142 1224 1283 1303 legit
1323 1224 1466 1285 inde
1508 1222 1710 1303 magiS,
1756 1225 1918 1301 plus
1960 1221 2103 1283 sibi
2142 1240 2397 1283 sensus
2438 1219 2663 1281 hebes
2704 1230 2825 1280 est.

935 1322 1014 1381 Et
1055 1320 1140 1382 sic
1180 1342 1273 1381 ass
1315 1334 1586 1383 nostrum
1627 1332 1900 1383 curatum
1940 1318 2139 1381 reddit
2178 1318 2449 1393 inertem,

935 1420 1032 1480 De
1073 1421 1255 1498 longo
1298 1418 1500 1480 studio
1543 1422 1653 1481 sert
1694 1418 1881 1481 nichil
1920 1418 2051 1497 ipse
2092 1421 2383 1479 domum:

933 1517 1160 1577 Stultus
1199 1516 1284 1578 ibi
1324 1518 1503 1591 venit,
1547 1528 1639 1578 set
1677 1516 1923 1577 stulcior
1961 1514 2105 1577 inde
2144 1514 2379 1590 redibit,

937 1616 1102 1675 Dum
1146 1617 1474 1693 repetendo
1515 1614 1693 1675 scolis
1736 1614 1811 1675 sit
1854 1612 2041 1692 magis
2083 1611 2213 1691 ipse
2249 1615 2547 1691 frequens,

1016 1714 1154 1773 Hec
1193 1724 1286 1775 est
1327 1712 1428 1773 illa
1467 1715 1646 1786 scola,
1692 1714 1895 1773 studet
1934 1711 1999 1773 in
2040 1731 2162 1790 qua
2200 1714 2411 1785 cleruS,
2454 1722 2519 1771 vt
2558 1729 2695 1787 yma

933 1809 1160 1871 Nature
1198 1809 1327 1870 iura
1366 1810 1584 1871 scribat
1625 1810 1687 1871 in
1726 1822 1854 1872 arte
1893 1830 2037 1871 sua:
2852 1816 2979 1879 ¹460

932 1907 1200 1969 Praetica
1240 1907 1537 1987 discipulo
1577 1909 1736 1970 bene
1776 1907 2063 1969 conuenit
2100 1917 2283 1985 atque
2324 1904 2623 1984 magistr0‚

931 2005 1015 2064 Vt
1056 2004 1491 2083 speculatiuum
1533 2016 1847 2067 constmat
1880 2005 2009 2084 ipse
2049 2024 2243 2065 suum.

933 2102 1072 2162 Hec
1112 2112 1204 2163 est
1242 2102 1344 2163 illa
1381 2104 1548 2165 scola
1587 2122 1766 2181 super
1805 2121 2017 2163 omnes
2058 2101 2195 2163 labe
2234 2100 2505 2174 colenda,

933 2199 1073 2275 Qua
1111 2198 1309 2260 socius
1350 2200 1577 2261 sociam
1616 2201 1883 2278 gaudet
1924 2198 2145 2261 habere
2186 2217 2393 2259 suam:

929 2297 1215 2356 Attamen
1254 2295 1356 2358 illa
1395 2299 1574 2372 scola,
1617 2298 1766 2359 dum
1808 2296 1885 2358 sit
1925 2294 2087 2357 socie
2127 2294 2373 2371 sociata,

932 2390 1080 2454 Fine
1120 2392 1289 2454 dabit
1329 2394 1560 2454 socium
1601 2396 1883 2474 plangere
1922 2404 2089 2472 gesta
2128 2412 2312 2453 reum.

931 2487 1029 2549 Sic
1071 2493 1234 2551 scola
1273 2511 1414 2552 cum
1455 2489 1620 2551 socia
1659 2492 1975 2552 confirmat
2014 2489 2077 2550 in
2116 2500 2243 2550 arte
2283 2488 2590 2562 scolarem,

931 2586 1063 2649 Fiet
1104 2590 1270 2667 quod
1311 2588 1514 2663 laicus,
1559 2590 1806 2668 quando
1849 2588 2127 2667 magister
2166 2587 2292 2648 erit.

931 2685 1112 2745 Heu!
1167 2685 1360 2763 grauis
1401 2698 1494 2747 est
1533 2686 1718 2761 socia,
1758 2685 1954 2765 grauis
1995 2696 2087 2749 est
2126 2686 2290 2747 scola
2330 2682 2533 2743 iuncta
2572 2682 2779 2755 sodali,

930 2782 1056 2842 Ista
1094 2794 1260 2843 vorat
1300 2802 1532 2861 corpus,
1577 2782 1798 2861 illaque
1840 2782 1995 2844 tollit
2034 2802 2217 2861 opes:
2843 2800 2973 2854 1470

931 2880 1041 2938 Est
1081 2876 1400 2941 inhonesta.
1439 2880 1558 2941 deo
1597 2900 1706 2955 res,
1753 2890 1815 2940 et
1856 2878 2125 2940 mirabile
2166 2876 2347 2960 plebi,

930 2976 1196 3053 Quando
1237 2976 1515 3055 magister
1554 2977 1664 3039 erit
1701 2988 1885 3057 atque
1926 2977 2191 3039 ribaldus
2232 2976 2413 3037 idem.

1011 3071 1282 3133 Ecclesia
1321 3094 1543 3155 sponsa
1582 3076 1771 3151 nuda,
1808 3074 2055 3136 vestitur
2092 3074 2323 3151 amica3

927 3171 1160 3249 Sponsa
1200 3170 1404 3233 relicta
1443 3172 1611 3251 perit,
1653 3175 1839 3233 altera
1879 3192 2017 3234 cara
2055 3172 2253 3253 viget:

927 3266 1026 3329 Sic
1066 3270 1429 3347 desponsata
1468 3274 1724 3335 clamare
1766 3272 1887 3332 fide
1928 3270 2045 3332 sibi
2084 3273 2269 3333 fracta

927 3366 988 3425 N
990 3385 1108 3427 unc
1148 3366 1312 3428 venit
1352 3368 1604 3429 ecclesia
1643 3368 1771 3429 iura
1811 3371 2075 3447 petendo
2118 3388 2241 3429 sua.

926 3463 1031 3523 Set
1071 3462 1212 3541 quia
1252 3466 1353 3525 lux
1393 3464 1582 3545 periit,
1628 3463 1781 3545 perit
1821 3464 1963 3526 hinc
2003 3465 2113 3539 iuS,
2157 3465 2365 3544 sicque
2405 3464 2629 3527 recedit

925 3558 1134 3620 Cur-ati
1173 3579 1395 3638 sponsa
1435 3573 1597 3623 stans
1640 3562 1811 3639 quasi
1852 3572 1980 3623 tota
2018 3582 2181 3640 vaga.

925 3655 1024 3717 Sic
1066 3668 1257 3719 rector
1296 3658 1462 3719 viciis
1505 3659 1772 3720 studium
1814 3679 1940 3719 non
1982 3659 2245 3721 moribus
2286 3670 2518 3738 aptam,

926 3755 1047 3814 Dat
1086 3754 1386 3817 decimam
1426 3755 1664 3831 Veneri,
1709 3776 1829 3835 que
1870 3760 2021 3818 solet
2060 3776 2191 3818 esse
2230 3756 2367 3818 dei:
2841 3766 2969 3829 1480

924 3851 1022 3913 Sic
1063 3852 1178 3913 sibi
1219 3854 1592 3915 consimilem
1629 3866 1875 3933 generat
1916 3866 2169 3930 curatus,
2214 3866 2278 3914 vt
2316 3864 2505 3915 artem

925 3950 1155 4011 Nature
1196 3950 1432 4011 solitam
1474 3954 1774 4029 compleat
1814 3950 1942 4029 ipse
2000 3971 2207 4012 suam:

923 4044 1023 4106 Sic
1063 4045 1220 4126 viget
1261 4046 1324 4109 in
1365 4048 1565 4109 studio
1605 4048 1742 4111 laici
1783 4060 2020 4111 curatus
2060 4050 2141 4111 ad
2181 4047 2367 4109 instar

921 4144 1220 4221 Corporis,
1263 4156 1326 4205 vt
1366 4164 1574 4206 sexum
1615 4144 2008 4225 multiplicare
2049 4158 2265 4225 queat:

921 4236 1020 4299 Sic
1061 4242 1239 4314 scola,
1283 4261 1402 4319 que
1443 4260 1678 4303 morum
1722 4254 1909 4303 mater
1949 4242 2135 4319 magis
2176 4260 2307 4302 esse
2348 4241 2596 4315 solebat.

923 4335 1191 4398 Efficitur
1230 4336 1396 4398 viciis
1437 4342 1618 4401 stulta
1657 4358 1921 4402 nouerca
1965 4338 2103 4401 suis.

845 4463 973 4512 1454
1007 4448 1124 4514 plus
1144 4451 1246 4501 sibi
1265 4465 1454 4502 sensus
1475 4452 1638 4502 hebes
1662 4458 1743 4503 est
1766 4451 1955 4503 SGDL
2020 4452 2079 4503 fit
2102 4450 2201 4503 sibi
2220 4466 2408 4503 sensus
2430 4451 2592 4503 hebes
2612 4448 2885 4503 enirm,
