3434 5142
1501 422 1701 486 VOX
1761 422 2300 488 CLAMANTIS

956 583 1148 644 Fedat
1189 594 1250 644 et
1291 584 1454 642 hunc
1496 582 1681 642 cicius
1724 583 1828 660 qui
1870 583 2057 660 magis
2098 594 2271 643 ornat
2312 602 2473 645 eum.

956 682 1203 741 Foroius
1245 700 1384 759 ergo
1426 682 1606 741 timor
1645 681 1959 741 stimulans
2000 692 2247 741 acuatur
2286 682 2349 741 in
2392 683 2575 760 ipSOS,

956 780 1036 840 Et
1078 791 1307 857 premat
1347 781 1460 839 hos
1499 780 1759 858 grauitas
1800 798 1954 857 quos
1995 780 2135 840 furit
2178 781 2277 841 illa
2318 781 2527 858 quies:

959 878 1083 953 Qui
1124 878 1495 955 premunitur
1537 897 1662 937 non
1705 878 1925 938 fallitur
1966 878 2328 956 ingeniosuS,

957 978 1073 1036 Per
1113 978 1268 1036 mala
1309 978 1585 1054 preterita
1625 978 1891 1053 dampna
1932 976 2127 1037 sutura
2167 989 2357 1038 oeuet.

957 1076 1182 1135 Dextra
1223 1085 1426 1135 tamen
1468 1074 1701 1135 domini
1742 1076 2021 1135 virtutem
2064 1075 2220 1147 fecit,
2264 1084 2328 1137 vt
2370 1076 2469 1135 illa

955 1174 1013 1233 A
1055 1191 1152 1233 me
1193 1172 1464 1237 transiret
1505 1172 1684 1249 plena
1726 1173 1923 1232 furore
1962 1172 2130 1233 dies:
2870 1198 3003 1235 2110

955 1270 1264 1333 Contritus
1305 1272 1556 1348 laqueus
1597 1281 1704 1343 est,
1750 1288 1787 1329 a
1828 1288 1951 1348 quo
1993 1269 2143 1330 liber
2182 1269 2365 1344 abiui,

956 1368 1036 1429 Et
1077 1369 1238 1430 velut
1278 1388 1312 1428 a
1355 1388 1613 1446 sompno
1655 1387 1790 1428 sum
1832 1378 2157 1429 renouatus
2200 1369 2401 1428 horne.

953 1468 1037 1527 Vt
1077 1467 1269 1527 cecidi
1309 1466 1528 1541 subite,
1573 1466 1758 1527 subiti
1800 1467 2164 1527 releuamina
2204 1484 2379 1526 casus

957 1568 1080 1626 Dat
1120 1566 1288 1637 deus,
1333 1576 1392 1625 et
1433 1566 1666 1641 lapsum
1707 1563 1985 1625 subleuat
2026 1563 2156 1641 ipse
2196 1564 2453 1642 pedem:

953 1664 1174 1723 Viuere
1215 1680 1377 1721 nunc
1416 1662 1595 1722 video
1636 1662 1820 1721 michi
1860 1680 2203 1738 sompnum,
2248 1680 2411 1721 nunc
2451 1671 2601 1740 puto
2640 1665 2824 1725 vitam

955 1762 1109 1821 Esse
1149 1778 1365 1829 meam,
1407 1760 1644 1820 nouitas
1685 1778 1791 1819 cor
1830 1760 2014 1819 michi
2056 1770 2221 1820 tanta
2264 1770 2467 1822 tenet:

955 1860 1064 1920 Me
1105 1860 1278 1936 polus
1318 1857 1593 1930 absoluit,
1639 1858 1914 1935 quamuis
1956 1876 2063 1917 sua
2103 1857 2354 1918 fulmina
2396 1858 2573 1933 misit,

953 1958 1162 2018 Terret
1203 1975 1317 2017 nec
1360 1956 1564 2017 nocuit
1603 1956 1705 2015 illa
1746 1956 2006 2033 procella
2046 1956 2247 2015 michi.

1037 2056 1159 2131 Qui
1203 2055 1386 2116 michi
1428 2056 1745 2115 consilium
1786 2055 2032 2116 viuendi
2074 2055 2220 2115 mite
2260 2055 2501 2129 dedisti,

955 2154 1112 2216 Cum
1155 2154 1306 2215 foret
1347 2154 1408 2212 in
1451 2153 1668 2213 misero
1710 2164 1953 2229 pectore
1993 2153 2199 2213 mortis
2240 2172 2427 2226 amor,
2866 2176 2995 2213 2120

955 2253 1065 2312 Est
1105 2252 1304 2325 michi,
1349 2251 1517 2329 quod
1555 2250 1767 2310 vinens
1807 2250 1916 2310 tibi
1960 2251 2077 2311 iam
2120 2268 2229 2327 pro
2270 2268 2519 2311 munere
2560 2250 2769 2312 laudes

953 2350 1193 2423 Reddo,
1237 2349 1404 2427 quod
1445 2348 1685 2409 vlterius
1728 2349 1809 2408 sis
1848 2348 2033 2410 michi
2074 2349 2195 2407 vita
2234 2350 2425 2411 deus:

952 2447 1189 2508 Gaudia
1229 2464 1416 2523 posco
1459 2446 1640 2506 michi
1679 2464 1953 2519 renoueS,
1996 2445 2163 2519 deus,
2207 2456 2299 2505 est
2339 2445 2481 2522 quia
2521 2446 2703 2523 longo

951 2548 1253 2622 Tempore
1293 2544 1489 2605 leticie
1530 2546 1706 2604 ianua
1746 2544 1948 2603 clausa
1989 2559 2140 2605 mee.

951 2645 1010 2707 Ο
1052 2661 1187 2703 mea
1228 2644 1277 2703 si
1319 2644 1509 2715 tellus,
1552 2661 1736 2721 quam
1778 2660 1901 2703 non
1943 2638 2256 2702 absorbuit
2296 2658 2503 2718 equor,

953 2742 1176 2803 Debita
1215 2742 1390 2802 sciret
1433 2760 1508 2802 eo
1549 2741 1800 2802 reddere
1840 2749 1979 2800 vota
2019 2740 2176 2800 deo!

951 2840 1280 2917 Castigauit
1321 2858 1455 2901 eam
1497 2840 1796 2912 dominuS,
1842 2856 1956 2899 nec
1997 2838 2060 2896 in
2101 2837 2296 2898 vlcera
2337 2837 2545 2899 mortis

951 2940 1129 2998 Tunc
1169 2938 1429 3012 tradidit,
1475 2949 1564 2999 set
1603 2938 1805 2997 adhuc
1844 2936 2073 2996 distulit
2116 2936 2201 2993 ira
2241 2952 2505 2995 manum.

952 3036 1260 3114 Quicquid
1299 3046 1478 3113 agant
1517 3035 1712 3095 laudis
1753 3034 1869 3106 alii,
1915 3052 2039 3093 non
2082 3033 2213 3110 ipse
2250 3032 2483 3106 tacebo,

951 3136 1153 3211 Quem
1194 3134 1345 3194 deus
1387 3135 1448 3193 in
1490 3133 1654 3193 furiis
1696 3132 1873 3193 vulsit
1912 3131 1993 3192 ab
2033 3150 2139 3192 ore
2178 3132 2395 3194 maris:
2863 3153 2996 3203 2130

949 3233 1054 3295 Set
1094 3232 1235 3310 quia
1271 3241 1416 3290 tunc
1455 3231 1629 3291 variis
1668 3230 1915 3290 tumidis
1953 3229 2219 3290 iactabar
2258 3229 2323 3289 in
2364 3229 2556 3302 vndiS,

950 3330 1090 3405 Que
1133 3347 1266 3389 mea
1308 3347 1480 3388 mens
1520 3328 1734 3401 hausit,
1780 3328 1901 3387 iam
1941 3328 2202 3387 resoluta
2242 3336 2465 3387 vomet.

950 3430 1058 3488 Me
1098 3428 1238 3488 licet
1279 3426 1439 3486 vnda
1479 3428 1658 3486 maris
1698 3426 1910 3503 rapuit,
1954 3444 2089 3486 mea
2130 3424 2379 3485 numina
2419 3424 2620 3498 laude,

951 3524 1262 3585 Fluctibus
1303 3524 1610 3601 ingenium
1651 3542 1779 3583 non
1818 3522 2109 3584 cecidisse
2150 3541 2372 3583 meum.

950 3623 1115 3682 Dum
1157 3641 1292 3682 mea
1332 3639 1504 3681 mens
1547 3639 1779 3680 memor
1818 3631 1925 3694 est,
1970 3618 2239 3681 scribens
2280 3620 2671 3681 memoranda
2714 3620 2963 3695 notabit,

951 3722 1026 3781 In
1068 3722 1268 3798 specie
1308 3720 1549 3797 sompni
1589 3737 1708 3796 que
1749 3718 2052 3795 vigilando
2092 3718 2263 3795 quasi

948 3817 1237 3895 Concepi·
1261 3818 1537 3895 pauidus,
1582 3835 1695 3876 nec
1736 3814 1885 3874 dum
1926 3825 2129 3876 tamen
2172 3816 2317 3876 inde
2357 3816 2597 3892 quietus

950 3917 1176 3990 Perst0,
1220 3927 1310 3976 set
1351 3912 1650 3975 absconso
1693 3914 1926 3991 singula
1964 3913 2151 3973 corde
2191 3914 2335 3973 fero.

949 4014 1093 4073 Non
1133 4013 1412 4074 dedimus
1454 4030 1712 4089 sompno
1756 4030 1904 4089 quas
1944 4030 2236 4088 sompnus
2277 4013 2538 4087 postulat
2578 4011 2770 4085 horaS,

949 4111 1102 4172 Tale
1141 4111 1278 4171 licet
1319 4112 1589 4188 sompnis
1631 4110 1795 4187 fingo
1836 4109 2039 4171 videre
2078 4110 2323 4169 malum.
2861 4133 2992 4184 2140

949 4208 1008 4270 Ο
1049 4208 1253 4285 vigiles
1295 4210 1550 4285 sompni,
1596 4226 1704 4285 per
1744 4225 1897 4284 quos
1938 4208 2121 4267 michi
2164 4207 2313 4267 visio
2354 4208 2521 4267 nulla

947 4305 1310 4383 Sompniferi
1350 4306 1582 4383 generis
1625 4314 1718 4367 set
1759 4306 2055 4383 vigilantis
2098 4308 2255 4367 erat!

1495 4432 1630 4481 2123
1664 4432 1891 4467 renones
1914 4423 1997 4469 est
2018 4423 2065 4468 et
2084 4417 2206 4481 quia
2231 4418 2278 4467 D
