3434 5142
802 448 885 527 48
1501 445 1700 510 vox
1757 444 2298 511 CLAMANTIS

966 606 1127 668 Cum
1168 606 1330 666 furor
1368 604 1625 665 accinxit
1666 603 1828 665 vrbis
1867 614 2184 682 vtrumque
2224 604 2416 667 latus:
2907 630 3013 685 920

968 703 1309 765 Precedens
1348 703 1498 763 alios
1538 702 1908 780 capitaneus
1947 703 2166 765 excitat
2205 722 2358 765 vnus

967 802 1270 883 RusticuS,
1314 810 1377 861 vt
1416 801 1618 862 cuncti
1658 812 2169 879 consequerentur
2207 820 2366 863 eum.

969 900 1111 975 Ipse
1152 898 1288 959 viris
1329 898 1533 959 multis
1573 899 1862 978 prefultus
1901 900 2158 961 conterit
2195 898 2424 973 vrbem,

970 998 1135 1059 Ense
1175 1007 1350 1057 necat
1387 997 1571 1071 ciues,
1614 1006 1958 1059 concremat
1999 998 2137 1076 igne
2178 998 2430 1059 domos:

970 1096 1113 1156 Non
1155 1095 1321 1155 solus
1361 1095 1597 1169 cecinit,
1640 1105 1733 1156 set
1773 1113 1980 1155 secum
2021 1095 2186 1155 milia
2223 1094 2414 1170 traxit,

972 1193 1355 1271 Involuitque
1397 1193 1559 1255 malo
1598 1193 1764 1253 milia
1803 1193 1992 1253 multa
2031 1211 2180 1269 su03

970 1288 1215 1370 Colligit
1255 1309 1327 1351 os
1368 1276 1593 1351 rabiem
1636 1308 1904 1369 seneque
1943 1292 2230 1371 cupidine
2269 1291 2436 1353 cedis

970 1387 1234 1449 Auribus
1275 1389 1337 1450 in
1378 1388 1539 1467 vulgi
1578 1390 1862 1462 concinit,
1909 1391 2073 1463 ‘Vre,
2117 1390 2262 1451 feri!

972 1486 1113 1563 Que
1151 1486 1247 1547 via
1287 1487 1453 1547 salua
1492 1486 1621 1558 fuit,
1662 1486 1802 1547 furit
1843 1486 2082 1565 ignibus
2123 1488 2479 1564 impetuosa,

972 1585 1116 1660 Quo
1156 1584 1401 1662 longum
1442 1594 1703 1645 castrum
1745 1584 1970 1646 ductile
2010 1585 2202 1647 nescit
2241 1585 2390 1661 iter3
2908 1609 3014 1663 9³0

971 1682 1359 1761 Baptisteque
1400 1682 1634 1757 domus,
1678 1702 1906 1761 sponso
1946 1683 2206 1757 viduata,
2250 1702 2358 1761 per
2397 1701 2606 1746 ensem

972 1780 1228 1855 Corruit,
1270 1790 1333 1841 et
1372 1780 1628 1841 flammis
1668 1799 1812 1841 mox
1849 1781 1962 1843 fuit
2003 1782 2104 1841 illa
2143 1781 2332 1857 cinis3

972 1877 1329 1957 Flagrabant
1366 1890 1575 1940 sancte
1614 1879 1915 1941 sceleratis
1956 1878 2200 1957 ignibus
2239 1880 2404 1953 edes,

971 1977 1285 2056 Mixtaque
1324 1976 1393 2036 fit
1434 1976 1675 2038 flamme
1714 1978 1958 2038 flamma
1995 1988 2280 2055 proterua
2315 1978 2433 2054 pie.

973 2074 1232 2136 Attoniti
1274 2074 1498 2135 flebant
1539 2075 1776 2153 trepido
1816 2075 1898 2137 de
1933 2076 2120 2137 corde
2161 2074 2430 2149 ministri,

974 2173 1319 2235 Abstulerat
1356 2173 1510 2234 vires
1548 2174 1816 2251 corporis
1856 2174 1986 2252 ipse
2025 2174 2221 2235 timor.

1054 2271 1179 2349 Qui
1219 2270 1343 2331 fera
1382 2271 1627 2332 terribili
1669 2272 1962 2333 iaculatur
1999 2272 2252 2332 fulmina
2290 2272 2520 2347 dextra,

976 2370 1159 2430 Iussit
1198 2378 1260 2430 vt
1300 2370 1437 2446 igne
1477 2370 1653 2447 polus
1692 2378 1970 2449 torqueat
2009 2369 2172 2430 orbis
2191 2358 2198 2365 ’
2215 2370 2489 2431 humum.

972 2469 1035 2529 Si
1077 2486 1197 2546 qua
1238 2468 1457 2531 domus
1496 2468 1715 2529 mansit
1757 2477 2111 2547 poteratque
2151 2467 2421 2529 resistere
2461 2478 2631 2529 tanto

974 2565 1287 2627 Indeiecta
1326 2564 1503 2639 male,
1548 2566 1654 2626 dat
1695 2566 1796 2644 pia
1834 2578 1974 2629 vota
2013 2565 2153 2627 deo.
2913 2589 3016 2641 9⁴0

973 2664 1084 2724 Est
1126 2663 1311 2723 nichil
1350 2672 1413 2723 vt
1454 2681 1700 2741 queram
1740 2664 2062 2726 dominans
2103 2664 2154 2725 si
2194 2663 2406 2741 vulgus
2443 2663 2510 2723 in
2552 2660 2709 2725 vrbis

972 2762 1166 2837 Spirat
1206 2778 1353 2839 opes
1394 2771 1457 2822 et
1496 2779 1573 2823 eo
1612 2770 1885 2840 tempore
1925 2762 2080 2823 furta
2119 2771 2326 2839 parat:

972 2860 1057 2918 Vt
1097 2859 1285 2920 multe
1322 2860 1523 2937 gracili
1564 2868 1800 2921 terrena
1838 2858 1953 2920 sub
1994 2861 2206 2921 horrea
2245 2858 2398 2921 ferre

976 2956 1193 3019 Limite
1232 2957 1479 3018 formice
1518 2976 1701 3035 grana
1740 2967 1972 3036 reperta
2011 2959 2224 3032 solent,

972 3056 1073 3117 Sic
1113 3054 1275 3117 vehit
1317 3074 1569 3116 examen
1609 3057 1892 3116 furiarum
1935 3056 2088 3117 furta
2127 3074 2236 3133 per
2276 3053 2502 3129 vrbem,

974 3154 1109 3215 Nec
1148 3154 1303 3215 valet
1344 3154 1408 3213 in
1448 3172 1702 3215 numero
1742 3154 1878 3232 quis
1917 3154 2163 3215 recitare
2202 3154 2422 3215 forum.

976 3252 1101 3311 Hic
1140 3260 1323 3326 tenet,
1366 3252 1481 3313 iste
1518 3252 1714 3326 trahit,
1758 3253 1921 3313 stetit
1961 3252 2060 3313 ille
2101 3270 2221 3330 que
2260 3251 2470 3312 circuit
2507 3252 2672 3325 alter,

974 3350 1071 3411 Fit
1110 3350 1234 3410 cito
1273 3368 1381 3427 per
1420 3350 1639 3410 multas
1679 3350 1987 3429 predaque
2026 3352 2182 3413 lecta
2223 3368 2456 3411 manus.

974 3448 1113 3510 Hos
1154 3450 1395 3535 Bacnus
1434 3449 1736 3527 attingens
1771 3449 2016 3510 tandem
2057 3450 2370 3525 precordia
2413 3449 2556 3509 vino

974 3547 1204 3621 Mersit,
1248 3558 1309 3609 et
1350 3547 1413 3607 in
1455 3547 1637 3607 finem
1680 3548 1970 3607 clauserat
2011 3547 2142 3624 ipse
2186 3547 2439 3609 Iouem:
2914 3570 3020 3622 950

974 3645 1115 3705 Nox
1154 3655 1296 3720 erat,
1338 3654 1399 3706 et
1438 3645 1594 3705 vinis
1634 3644 1796 3705 oculi
1837 3654 2192 3721 mentesque
2235 3645 2541 3720 natabant,

974 3740 1255 3802 Membra
1295 3752 1561 3816 mouent,
1606 3760 1723 3802 nec
1763 3741 1990 3804 habent
2029 3761 2155 3820 quo
2195 3741 2310 3805 sibi
2351 3744 2502 3805 ferre
2541 3742 2743 3821 pedes.

1057 3840 1303 3901 Postera
1344 3840 1610 3902 sidereos
1652 3842 1886 3901 Aurora
1926 3840 2234 3919 fugauerat
2277 3841 2462 3919 ignes,

976 3936 1075 3996 En
1117 3938 1290 3998 dolor
1328 3956 1677 4000 excrescens
1717 3939 1839 3999 iarn
1881 3956 2044 4000 noua
2084 3940 2348 4016 dampna
2389 3947 2577 4017 parat.

975 4034 1039 4095 Si
1080 4036 1242 4114 prius
1282 4036 1368 4096 ira
1411 4036 1577 4097 Iouis
1618 4036 1828 4097 nocuit
1867 4036 2145 4111 violenta,
2189 4047 2510 4116 sequenter

977 4132 1151 4193 Mota
1192 4134 1401 4194 Venus
1442 4134 1631 4213 duplo
1671 4135 1829 4195 facta
1868 4135 2080 4195 furoris
2121 4134 2262 4212 agit.

978 4230 1335 4291 Discurrunt
1374 4232 1557 4308 agiles
1598 4234 1765 4308 fune,
1809 4232 1980 4311 quasi
2019 4233 2216 4311 fulgur
2255 4232 2335 4295 ab
2375 4241 2617 4309 austro;

878 4372 979 4424 φο
1010 4366 1281 4423 vti-umque
1302 4360 1463 4425 latus]
1486 4361 1670 4425 vbique
1687 4363 1804 4413 loca
1826 4364 1875 4413 D
2030 4378 2129 4428 9⁴7
2161 4362 2332 4429 stetit]
2358 4362 2494 4428 rapit
2515 4362 2567 4412 D
2727 4360 2830 4426 948
2860 4360 3022 4426 preda

814 4444 1013 4503 peracta
1038 4437 1086 4489 D
1280 4452 1383 4502 953
1412 4438 1534 4503 igne
1554 4438 1597 4491 S
