3434 5142
781 482 897 542 118

1482 475 1680 539 VOX
1738 473 2279 540 CLAMANTIS

940 640 1106 699 Num
1147 637 1267 698 dici
1310 636 1579 698 medicus
1621 634 1841 696 debeat
1880 634 2010 713 ipse
2049 637 2233 695 tuus?

938 739 997 798 N
1001 756 1104 797 um
1147 735 1324 797 decet
1365 745 1468 795 aut
1510 734 1815 795 medicum
1858 732 2071 794 morbo
2112 733 2515 811 superaddere
2556 734 2852 808 morbum,

938 836 1082 910 Quo
1122 833 1270 911 sugit
1309 832 1556 893 interius
1598 831 1835 909 longius
1876 832 2007 908 ipsa
2046 830 2251 891 salus?

940 933 1084 992 Hoc
1124 941 1364 1008 experta
1405 930 1592 991 docet·
1625 939 1852 1003 natura,
1897 930 2064 1006 quod
2104 930 2303 989 omnis
2342 930 2406 988 in
2447 928 2597 991 orbe

938 1031 1080 1106 Qua
1119 1028 1307 1107 magis
1348 1028 1630 1101 infirmor,
1676 1036 1768 1088 est
1808 1026 2110 1087 medicina
2150 1028 2326 1087 mala.
2880 1052 2981 1101 400

940 1129 1112 1203 Quos
1153 1145 1423 1205 reperare
1465 1126 1640 1187 decet
1681 1126 1911 1203 pacem,
1952 1126 2004 1186 si
2045 1124 2203 1187 bella
2243 1126 2638 1204 frequentent,

941 1226 1167 1286 Nescio
1206 1243 1332 1303 quo
1371 1224 1535 1303 pacis
1575 1233 1741 1285 tutus
1781 1225 1932 1284 inire
1970 1223 2147 1284 viam.

940 1324 1174 1383 Dicitur
1213 1334 1276 1384 vt
1317 1324 1554 1384 fortuna
1594 1322 1678 1382 rei
1720 1322 1800 1383 de
1840 1322 1963 1383 fine
2002 1332 2260 1396 notatur,

941 1420 1152 1483 Rebus
1193 1430 1252 1481 et
1293 1421 1356 1480 in
1397 1419 1598 1480 dubiis
1639 1420 1831 1481 exitus
1870 1430 2004 1479 acta
2044 1418 2293 1497 probat:

942 1520 1152 1596 Qualis
1195 1519 1304 1580 erit
1347 1518 1498 1591 finis,
1543 1536 1650 1579 seu
1692 1536 1812 1595 que
1851 1518 2091 1577 fortuna
2131 1528 2413 1596 sequetur

944 1619 1020 1678 In
1060 1618 1203 1678 cleri
1245 1616 1416 1679 bellis
1457 1618 1570 1677 scit
1610 1616 1799 1695 magis
1841 1616 1970 1692 ipse
2010 1616 2177 1677 deuS.

847 1817 966 1873 Hic
996 1817 1274 1887 loquitur
1304 1818 1576 1887 qualiter
1605 1818 1813 1873 clerus
1846 1818 1912 1872 in
1944 1832 2161 1873 amore
2196 1818 2297 1875 dei
2321 1821 2389 1873 et
2422 1816 2695 1888 proximi
2730 1817 2983 1874 deberet

777 1906 920 1975 pius
945 1908 1011 1963 et
1033 1906 1294 1975 paciens
1316 1906 1594 1961 existere
1617 1911 1683 1962 et
1705 1921 1839 1960 non
1864 1906 2215 1961 bellicosus.

584 2023 778 2097 Capffl.
809 2020 908 2079 vii.

1031 2019 1282 2096 Semper
1321 2018 1384 2077 in
1423 2018 1690 2079 aduersis
1731 2028 1821 2079 est
1861 2019 2045 2078 virtus
2086 2018 2292 2091 maior,
2336 2028 2396 2079 et
2435 2036 2578 2079 ecce

942 2119 1176 2179 Lumen
1220 2118 1283 2176 in
1324 2117 1582 2177 obscuro
1623 2116 1839 2176 clarius
1880 2134 2012 2176 esse
2054 2117 2223 2177 solet.

941 2214 1165 2276 Nobile
1204 2214 1487 2276 vincendi
1526 2233 1717 2292 genus
1760 2224 1851 2275 est
1892 2215 2199 2291 paciencia
2215 2234 2234 2289 ς
2290 2214 2473 2274 vincit

941 2313 1064 2390 Qui
1106 2313 1326 2390 patitur
1341 2334 1360 2388 3
1415 2313 1463 2373 si
1507 2314 1594 2373 vis
1635 2314 1889 2387 vincere,
1934 2313 2101 2373 disce
2142 2313 2281 2389 pati.
2880 2336 2983 2386 410

943 2410 1219 2488 Armiger
1255 2412 1385 2489 ipse
1425 2420 1563 2471 tuus
1604 2421 1665 2472 et
1707 2411 1947 2489 signifer
1990 2420 2080 2471 est
2120 2410 2229 2471 tibi
2274 2410 2525 2483 CristuS,

941 2508 1003 2569 Si
1045 2509 1295 2587 simplex
1336 2508 1513 2570 fueris
1556 2519 1617 2569 et
1656 2510 1959 2587 pacienter
1997 2527 2155 2586 agas,

941 2608 1106 2667 Ense
1167 2625 1368 2680 manu,
1413 2608 1634 2681 iaculis,
1677 2608 1809 2667 aliis
1850 2624 2114 2685 pugnare
2155 2605 2409 2679 iubetur,

941 2706 1071 2765 Nos
1113 2723 1377 2783 pugnare
1418 2705 1555 2779 fide,
1598 2723 1725 2781 spe,
1771 2706 1991 2781 pietate
2032 2704 2223 2767 decet.

939 2804 1016 2863 In
1057 2821 1297 2864 seruum
1339 2802 1569 2863 domini
1613 2803 1797 2863 nichil
1837 2803 2029 2863 hostis
2069 2802 2211 2862 iuris
2253 2801 2517 2875 habebit,

941 2900 1172 2963 Ordine
1211 2913 1447 2962 seruato
1487 2919 1666 2962 causa
1707 2900 1935 2961 fauebit
1976 2901 2067 2961 ei:

941 2998 1040 3058 Sic
1080 3017 1218 3058 cum
1261 2999 1547 3059 doctrinis
1588 3000 1771 3060 fueris
1809 2999 2145 3075 completus
2186 2997 2471 3069 honestiS,

940 3097 1119 3156 Tunc
1159 3097 1362 3158 hostes
1405 3098 1626 3175 poteris
1668 3096 1813 3158 inde
1853 3098 2054 3174 fugare
2094 3108 2249 3156 tuos,

939 3194 1024 3253 Vt
1064 3194 1144 3254 sis
1186 3194 1456 3255 sublimis
1499 3196 1723 3256 meritis
1763 3194 2067 3255 accinctus
2096 3178 2171 3253 'in
2213 3194 2434 3267 hosteS,

941 3292 1240 3369 Scripture
1280 3292 1486 3353 iaculis
1528 3293 1759 3353 hostica
1802 3293 1918 3353 tela
1958 3292 2143 3369 fugas,
2880 3316 2981 3365 42q

943 3391 1060 3450 Pro
1100 3389 1278 3450 nobis
1319 3400 1544 3468 pugnet
1582 3392 1797 3451 Ysa'ias
1836 3409 1975 3449 cum
2018 3389 2288 3462 Ieremia,

942 3487 1100 3549 Cum
1145 3488 1398 3549 Daniele
1441 3489 1630 3561 Iohel,
1675 3506 1814 3547 cum
1858 3487 2137 3547 Samuele
2179 3486 2381 3547 Dauid
2400 3506 2419 3561 ;

941 3588 1066 3645 Lex
1107 3587 1418 3663 euangelii,
1461 3606 1576 3647 vox
1617 3587 1803 3659 Pauli,
1848 3576 2058 3646 sermo'
2086 3586 2393 3663 prophete,

942 3686 1091 3744 Tres
1133 3685 1316 3743 michi
1357 3696 1497 3744 sunt
1540 3695 1740 3758 testeS,
1784 3695 1988 3745 nostra
2030 3693 2147 3745 stat
2190 3684 2349 3745 vnde
2390 3684 2569 3744 salus.

1023 3780 1264 3858 Cogitat
1303 3800 1446 3843 ecce
1489 3782 1692 3842 Dauid
1734 3782 1985 3842 domino
2027 3782 2293 3856 fundare,
2337 3791 2429 3842 set
2467 3782 2635 3842 audit

945 3880 1003 3937 A
1043 3879 1309 3952 domino,
1353 3880 1665 3957 templum,
1713 3882 1892 3940 ‘Non
1935 3879 2255 3939 fabricator
2297 3880 2448 3940 eris:

943 3976 1028 4035 Es
1070 3976 1155 4036 vir
1196 3977 1574 4055 sanguineuS,
1618 3978 1757 4038 ideo
1798 3978 2047 4055 dignum
2090 3977 2273 4036 michi
2314 3976 2604 4053 templum

943 4074 1244 4151 Sanguine
1284 4075 1518 4136 sedatus
1559 4085 1625 4134 tu
1668 4074 1955 4135 fabricare
1997 4074 2247 4151 nequis?

944 4172 1260 4247 Sanguinis
1302 4173 1535 4248 effusor,
1579 4175 1949 4250 amplectens
1988 4173 2236 4233 crimina
2276 4173 2508 4245 mundi,

943 4269 1036 4328 Ex
1077 4268 1248 4330 bellis
1291 4272 1581 4349 templum
1624 4291 1750 4333 non
1791 4273 1947 4333 valet
1988 4290 2118 4331 esse
2160 4271 2296 4332 dei:
2883 4274 2989 4345 430·

943 4368 1214 4429 Ecclesie
1256 4378 1462 4428 sancte
1503 4370 1636 4429 talis
1679 4387 1803 4430 non
1846 4370 2013 4447 erigit
2054 4370 2251 4443 edem,

1423 4496 1516 4543 401
1546 4497 1789 4545 repet-are
1812 4480 1851 4532 S
1918 4496 2163 4544 reparare
2186 4478 2331 4531 cED
