3434 5142
900 1891 907 1898 ·
1018 1856 1275 1916 snmunt
1313 1855 1538 1934 legiferi
1579 1855 1666 1914 sic
1705 1855 1894 1916 modo
1934 1855 2060 1916 iura
2101 1855 2234 1916 sibi.

1558 421 1760 489 Vox
1821 420 2366 489 CLAMANTIS

1018 581 1241 643 Diuitis
1282 581 1563 643 iniustam
1603 601 1847 644 causam
1889 582 1976 642 sic
2015 601 2199 644 cerno
2241 580 2526 659 quietam,

1018 681 1099 740 Et
1140 681 1355 740 iustam
1396 700 1641 742 causam
1680 681 1956 759 pauperis
1999 699 2133 741 esse
2172 699 2352 741 ream.

1016 779 1161 838 Non
1202 797 1406 839 comes
1446 798 1483 840 a
1523 779 1671 852 vice,
1714 791 1805 840 set
1845 779 2002 838 vicio
2043 797 2248 840 comes
2288 778 2508 856 accipit
2549 789 2765 853 ortum,

1018 877 1172 937 Iuris
1212 876 1467 938 auaricie
1508 877 1621 938 fert
1660 887 1864 938 tamen
1907 876 2034 953 ipse
2073 876 2254 938 vices.

1016 976 1117 1036 Sic
1156 975 1298 1036 dico
1333 974 1804 1048 vicecomitibus
1847 975 2015 1052 quod
2055 992 2305 1036 munere
2345 975 2488 1034 victi

1015 1072 1342 1136 Communi
1382 1073 1610 1151 populo
1650 1073 1798 1133 dant
1839 1082 2203 1134 nocumenta
2241 1073 2465 1134 modo:

1016 1172 1150 1232 Nec
1190 1169 1304 1235 sibi
1346 1172 1518 1232 iurati
1559 1171 1798 1249 sapiunt
1837 1170 2006 1247 quid,
2047 1171 2124 1232 sit
2165 1170 2278 1230 nisi
2319 1171 2482 1245 lucri,

1016 1269 1115 1330 De
1154 1271 1279 1330 sale
1319 1270 1633 1330 conditum
1674 1269 1843 1346 quod
1883 1268 2058 1330 dabis
2098 1279 2240 1330 ante
2281 1288 2568 1333 manum:

1015 1367 1321 1428 Causidici
1362 1368 1559 1427 lanam
1603 1368 1856 1444 rapiuntz
1902 1367 1998 1428 isti
2041 1385 2284 1445 quoque
2325 1368 2550 1445 pellem

1014 1464 1282 1539 Tollunt,
1328 1463 1413 1526 sic
1456 1465 1622 1542 inopi
1664 1465 1750 1524 nil
1792 1463 2126 1526 remanebit
2167 1466 2289 1526 oui.
2957 1490 3064 1540 440

1017 1562 1115 1622 Sic
1157 1580 1268 1640 ego
1310 1561 1564 1640 legiferis
1605 1563 1975 1622 concludens
2016 1563 2222 1622 vltima
2261 1563 2488 1638 primis,

1018 1661 1175 1721 Dico
1216 1661 1384 1737 quod
1424 1679 1499 1720 ex
1539 1659 1720 1720 bursa
1758 1661 1853 1720 lex
1893 1660 2052 1737 viget
2093 1677 2236 1720 ecce
2276 1677 2476 1736 noua3

1015 1759 1099 1818 Vt
1138 1758 1482 1835 margaritas
1522 1758 1571 1817 si
1612 1775 1830 1834 porcus
1871 1767 2067 1818 sumat
2107 1759 2170 1817 in
2212 1775 2397 1832 esoeS,

1099 1953 1377 2015 Vendere
1416 1953 1711 2014 iusticiam
1753 1953 1901 2032 quid
1943 1953 2008 2014 id
2049 1964 2140 2014 est
2182 1953 2296 2014 nisi
2337 1955 2598 2016 vendere
2639 1955 2916 2028 Cristum,

1019 2051 1217 2126 Quem
1264 2050 1447 2111 Iudas
1488 2051 1713 2128 cupido
1754 2051 2025 2112 vendidit
2066 2051 2196 2129 ipse
2236 2052 2424 2114 dolo?

1018 2149 1334 2226 Numquid
1374 2149 1573 2211 adhuc
1615 2150 1772 2210 Iude
1813 2150 2020 2210 similis
2061 2151 2196 2228 quis
2235 2151 2382 2212 viuit
2424 2153 2488 2212 in
2528 2150 2718 2214 orbe?

1018 2247 1219 2306 Immo
1262 2247 1377 2308 sibi
1418 2249 1617 2323 plures
1658 2249 1862 2309 viuere
1901 2247 2089 2309 credo
2127 2267 2316 2326 pares,

1021 2346 1303 2422 Namque
1344 2346 1530 2406 semel
1572 2345 1790 2406 Iudam
1831 2347 2012 2406 talem
2055 2348 2428 2409 committere
2468 2348 2706 2425 culpam

1020 2443 1336 2516 Nouimus,
1383 2443 1546 2504 hunc
1588 2453 1649 2504 et
1688 2461 1766 2504 eo
1805 2443 2136 2520 penituisse
2175 2445 2313 2521 lego
2329 2465 2348 2519 ς
2956 2467 3060 2518 450

1020 2541 1205 2602 Nunc
1246 2550 1450 2602 tamen
1492 2551 1553 2600 vt
1594 2558 1824 2601 merces
1866 2542 2137 2603 vendunt
2175 2543 2578 2608 communiter
2617 2559 2848 2618 omneS,

1018 2639 1373 2700 Gaudentes
1411 2639 1643 2699 lucrum
1684 2639 1771 2698 sic
1811 2638 2091 2700 habuisse
2131 2657 2324 2700 suum.

1020 2738 1277 2797 Rettulit
1316 2738 1433 2796 hoc
1474 2736 1742 2813 precium
1784 2737 1968 2797 Iudas
2011 2738 2178 2815 quod
2216 2739 2376 2816 cepit
2415 2739 2668 2818 iniqum,

1020 2835 1154 2896 Nec
1192 2834 1381 2912 liquet
1422 2833 1566 2895 hinc
1605 2835 1844 2894 veniam
1885 2836 2280 2913 promeruisse
2323 2855 2532 2902 suam:

1020 2935 1201 2994 Nunc
1242 2935 1352 2994 erit
1392 2952 1534 3011 ergo
1578 2934 1726 3011 quid
1767 2933 1900 3009 hiis,
1942 2936 2212 2995 vendunt
2255 2937 2360 3014 qui
2401 2938 2530 2998 iura
2569 2937 2835 3014 sinistris,

1022 3033 1132 3093 Est
1173 3031 1395 3110 quibus
1436 3033 1582 3092 hora
1622 3033 1734 3092 fori
1775 3032 2078 3094 cotidiana
2117 3033 2334 3111 quasi?

1021 3129 1105 3189 Vt
1145 3139 1311 3190 vorat
1352 3140 1413 3190 et
1453 3129 1653 3191 stricte
1693 3140 1860 3191 tenet
1901 3131 2029 3208 ipsa
2067 3149 2287 3209 vorago
2327 3133 2618 3208 gehenne,

1020 3228 1155 3288 Nec
1194 3227 1347 3288 redit
1388 3228 1541 3289 vllus
1582 3229 1770 3289 homo
1812 3229 1960 3290 liber
2000 3229 2080 3290 ab
2120 3247 2224 3290 ore
2265 3249 2394 3302 suo,

1020 3325 1118 3386 Sic
1160 3325 1346 3387 modo
1386 3327 1491 3403 qui
1532 3327 1806 3388 vendunt
1845 3329 2010 3405 leges
2047 3347 2166 3405 que
2207 3328 2433 3405 premia
2477 3341 2747 3408 carpunt,

1022 3425 1165 3484 Hec
1200 3425 1359 3485 valet
1396 3442 1435 3486 a
1476 3424 1756 3486 manibus
1796 3425 2006 3486 tollere
2045 3444 2226 3486 nemo
2267 3428 2391 3487 suis
2415 3447 2434 3502 3
2961 3437 3064 3501 4⁶0

1022 3521 1101 3580 Et
1143 3521 1285 3599 quia
1325 3521 1411 3581 sic
1452 3521 1675 3583 similes
1716 3523 1951 3582 inferno
1993 3533 2252 3600 suntque
2294 3533 2554 3600 tenaceS,

1022 3619 1221 3680 Credo
1264 3619 1430 3696 quod
1472 3620 1740 3680 infernus
1783 3620 1904 3681 fine
1945 3619 2175 3681 tenebit
2215 3639 2338 3682 eos

1105 3716 1272 3793 Quid
1312 3735 1419 3777 seu
1463 3718 1707 3778 Balliuis
1749 3717 1964 3792 dicam,
2011 3719 2116 3795 qui
2157 3728 2296 3780 sunt
2338 3719 2698 3781 Acherontis

1020 3815 1104 3874 Vt
1144 3814 1351 3892 rapide
1391 3815 1591 3876 furie?
1645 3817 1746 3876 Tu
1787 3817 1976 3893 magis
2017 3817 2162 3878 inde
2201 3835 2374 3878 caue.

1022 3913 1164 3988 Quo
1206 3924 1405 3990 portas
1448 3914 1683 3988 intrant,
1729 3916 2066 3992 prenostica
2107 3915 2372 3992 dampna
2411 3916 2682 3994 figurant,

1024 4009 1275 4071 Cunctis
1314 4029 1578 4089 namque
1619 4011 1730 4072 viis
1769 4031 1848 4072 ve
1884 4011 2201 4072 comitatur
2239 4014 2343 4073 eis·

1023 4107 1106 4166 Vt
1148 4106 1311 4168 Crati
1353 4107 1500 4168 bufo
1542 4109 1864 4184 maledixit,
1907 4110 1995 4170 sic
2035 4108 2332 4170 maledico

1024 4205 1147 4264 Tot
1188 4203 1387 4282 legum
1428 4207 1690 4267 dominis
1733 4217 1797 4268 et
1837 4208 1966 4268 sine
2007 4208 2138 4286 lege
2179 4211 2382 4285 magis.

1428 4357 1526 4406 445
1564 4345 1615 4394 id
1637 4345 1812 4396 emsed
1829 4347 1882 4396 ιή
1905 4347 1950 4396 C
2145 4347 2245 4409 456
2277 4362 2368 4396 ora
2391 4345 2480 4397 ΟΕ
