3434 5142
767 452 884 515 130

1469 432 1666 499 VOX
1724 432 2267 499 CLAMANTIS

924 592 1236 668 Exn-ludat,
1279 604 1510 654 nostras
1549 610 1665 655 nec
1705 596 1853 655 sciat
1892 595 2022 673 ipsa
2059 596 2218 657 vias:

925 691 1048 767 Qui
1089 702 1290 752 tamen
1333 693 1573 753 occulto
1612 693 1778 769 cupit
1818 702 1881 752 vt
1922 692 1997 753 sit
2038 704 2241 753 noster
2279 692 2527 766 amicus,

924 792 1155 849 Aurum
1197 792 1316 867 det,
1363 791 1494 851 sine
1532 808 1656 867 quo
1695 791 1939 851 victima
1979 792 2143 850 nulla
2181 791 2412 868 placet:

925 889 1065 964 Que
1105 906 1318 949 manus
1360 898 1452 949 est
1491 888 1685 965 plena,
1730 889 1919 966 magis
1960 886 2308 949 inuitabitur
2347 889 2463 963 illa,

843 1020 849 1027 ·
925 986 1052 1046 Stet
1092 986 1233 1046 foris
1274 999 1334 1047 et
1374 1004 1577 1060 vacua,
1623 1004 1737 1046 nec
1779 996 2091 1046 veneretur
2130 986 2229 1045 ita.
2870 996 2971 1061 850

927 1083 1151 1145 Omnia
1193 1084 1380 1158 soluo,
1425 1085 1562 1161 ligo,
1607 1102 1848 1145 summo
1890 1084 2237 1144 diademate
2276 1092 2478 1161 regno,

926 1179 1108 1242 Orbis
1147 1200 1262 1259 ego
1301 1182 1620 1243 dominus:
1673 1181 1823 1259 quid
1864 1180 2047 1240 michi
2089 1181 2239 1241 velle
2278 1180 2468 1257 magis
2484 1182 2513 1239 ?

925 1280 1036 1340 Me
1076 1280 1389 1340 dominum
1422 1280 1665 1352 clamat,
1708 1296 1809 1339 me
1847 1278 2059 1337 viuens
2100 1278 2299 1339 omnis
2338 1277 2564 1352 adorat,

926 1377 1130 1439 Omne
1169 1378 1364 1437 solum
1405 1377 1574 1437 oelco
1615 1375 1703 1435 sic
1742 1374 1893 1435 deus
1933 1376 2081 1436 alter
2120 1393 2252 1452 ego.

927 1476 1038 1536 Est
1078 1475 1328 1535 thronus
1369 1474 1652 1547 excelsus„
1696 1492 1823 1550 quo
1864 1491 2184 1550 possumus
2225 1471 2508 1534 omnibus
2548 1490 2667 1533 vna

927 1572 1008 1633 Et
1049 1572 1368 1633 benedicta
1407 1590 1608 1645 manu,
1653 1564 1741 1631 sic
1780 1571 2100 1631 maledicta
2140 1571 2320 1632 dare:

928 1670 1148 1748 Sicque
1187 1678 1483 1747 potestate
1525 1678 1729 1728 nostra
1769 1677 2107 1729 reuerenter
2146 1666 2371 1745 vbique

928 1768 1191 1845 Magnus
1231 1769 1292 1827 in
1335 1768 1601 1840 ecclesia,
1645 1767 1835 1827 maior
1875 1766 1937 1825 in
1980 1766 2127 1828 orbe
2168 1784 2391 1826 sumus,

1012 1871 1028 1897 ‘
1048 1865 1339 1940 Dicimus,
1384 1876 1445 1925 et
1484 1866 1640 1925 sacta
1681 1864 1799 1923 iam
1844 1875 1998 1938 sunt,
2043 1864 2418 1937 mandamuS,
2463 1872 2525 1924 et
2565 1880 2709 1925 ecce

927 1964 1296 2024 Aeetescunt
1336 1961 1518 2023 subiti
1561 1962 1725 2022 dona
1763 1971 1960 2021 creata
1998 1961 2165 2021 lucri.
2869 1969 2971 2021 860

930 2061 1068 2135 Que
1109 2059 1340 2122 Cristus
1380 2059 1574 2119 renuit
1607 2060 1980 2135 suscepimus
2020 2058 2225 2119 omnia
2264 2075 2445 2135 regna

926 2156 1166 2231 Mundi,
1210 2174 1330 2233 que
1370 2155 1690 2217 dominans
1730 2156 1916 2233 gloria
1956 2173 2109 2215 vana
2149 2154 2354 2216 dedit:

929 2253 1028 2313 Sic
1068 2254 1303 2313 exaltati
1347 2253 1425 2313 de
1465 2264 1618 2314 terra
1657 2253 1942 2312 traximus
1980 2253 2062 2312 ad
2102 2270 2215 2312 nos

929 2350 1154 2412 Omnia
1193 2351 1424 2411 deliciis
1463 2351 1821 2429 amplificata
1861 2351 2064 2429 magis,

929 2449 1029 2510 Sic
1069 2459 1256 2509 status
1295 2459 1636 2526 assumptus
1677 2449 1883 2527 quales
1926 2467 2133 2509 sumus
2172 2448 2480 2528 approbat,
2524 2459 2589 2511 vt
2630 2468 2741 2512 nos

927 2546 1081 2609 Ocia
1119 2547 1450 2625 plectentes
1492 2548 1595 2625 qui
1635 2548 1969 2608 cruciamus
2012 2548 2280 2608 humum.

929 2645 1129 2706 Suaue
1171 2646 1393 2723 iugum,
1438 2647 1571 2707 leue
1614 2646 1845 2708 Cristus
1886 2664 2041 2707 onus
2084 2646 2260 2708 nobis
2302 2647 2486 2722 dedit,
2530 2658 2591 2709 et
2632 2666 2746 2722 nos

929 2742 1206 2804 Pondera
1246 2762 1366 2820 que
1405 2742 1616 2803 mundi
1659 2754 1799 2803 sunt
1838 2742 2111 2822 grauiora
2148 2744 2399 2805 damus:

930 2839 1069 2900 Iura
1109 2840 1324 2901 damus
1363 2840 1618 2917 populiS,
1662 2851 1753 2901 set
1794 2860 1907 2902 nos
1950 2860 2073 2901 non
2113 2842 2246 2919 lege
2286 2851 2576 2915 tenemur,

930 2939 1068 3014 Que
1109 2938 1292 2999 michi
1331 2938 1428 2998 lex
1465 2937 1689 3015 placuit
1730 2938 1871 2999 iuris
1913 2938 2159 2999 habebit
2199 2957 2371 2999 onus,
2872 2951 2973 3015 879

929 3036 1178 3097 Iudiciis
1219 3036 1534 3097 hominum
1579 3055 1703 3097 non
1746 3024 1865 3097 stat
1905 3037 2071 3115 quod
2112 3055 2302 3115 pecco
2344 3056 2449 3114 per
2486 3035 2717 3112 orbem,

929 3133 1026 3195 Sic
1066 3134 1249 3194 michi
1292 3144 1508 3194 cuneta
1547 3134 1746 3208 licent,
1792 3152 1911 3211 que
1952 3135 2139 3212 magis
2180 3130 2313 3194 acta
2354 3134 2630 3211 placent3

930 3232 1010 3291 Et
1051 3232 1101 3291 si
1142 3231 1406 3291 mundus
1446 3232 1508 3290 in
1551 3232 1665 3291 hiis
1707 3231 1811 3291 fiat
1851 3231 2035 3292 michi
2076 3232 2229 3291 sorte
2267 3228 2521 3306 rebellis,

928 3329 1039 3389 Est
1080 3346 1216 3389 mea
1255 3328 1334 3389 de
1373 3320 1600 3406 guerris
1638 3328 1855 3388 sorcior
1896 3346 2039 3388 ecce
2080 3346 2312 3388 manus.

926 3424 1070 3485 Hiis
1111 3444 1355 3503 quoque
1395 3426 1474 3486 de
1515 3423 1708 3485 causis
1749 3426 2089 3503 respondeo
2128 3443 2302 3502 papa,
2346 3424 2515 3503 quod
2554 3442 2765 3486 omnes

929 3524 1043 3584 Per
1083 3542 1219 3583 mea
1259 3520 1582 3599 terrigenos
1621 3521 1782 3585 bella
1821 3524 2063 3584 retrudo
2104 3521 2278 3583 viros,

1011 3624 1028 3653 ‘
1047 3620 1213 3681 Inter
1252 3618 1577 3698 discipulos
1617 3621 1811 3683 fuerat
1848 3620 2149 3682 discordia
2188 3621 2360 3694 facta,

929 3718 1161 3778 Norma
1199 3728 1290 3779 set
1329 3716 1570 3779 infantis
1611 3717 1949 3795 pacificauit
1988 3738 2178 3798 opus:

928 3815 1060 3876 Nos
1101 3826 1302 3876 tamen
1343 3816 1423 3875 ad
1463 3834 1664 3877 veram
1705 3816 1874 3876 nullo
1915 3815 2327 3878 moderamine
2366 3834 2579 3893 pacem
2617 3848 2633 3861 ·

927 3914 1195 3973 Flectere
1236 3912 1371 3990 quis
1411 3911 1644 3991 poterit,
1687 3914 1810 3973 hoc
1849 3933 2047 3991 neque
2088 3932 2311 3992 pompa
2352 3911 2508 3973 sinit.
2870 3922 2973 3974 880

929 4012 1006 4071 In
1047 4030 1224 4072 cruce
1263 4011 1533 4071 confixus
1574 4010 1797 4089 patitur
1835 4030 1943 4071 sua
1982 4012 2191 4073 funera
2231 4010 2478 4085 Cristus,

931 4109 1012 4167 Et
1051 4106 1164 4168 fuit
1202 4106 1304 4167 illa
1342 4106 1480 4168 viris
1521 4107 1721 4187 passio
1761 4128 1901 4169 vera
1940 4111 2137 4170 salus:

929 4204 1232 4267 Omnibus
1271 4208 1612 4284 exemplum
1653 4206 1765 4267 fuit
1805 4208 1920 4269 hec
1960 4206 2269 4286 paciencia
2309 4206 2507 4283 Cristi,

929 4303 1296 4364 Alterutrum
1338 4302 1486 4364 socii
1525 4302 1710 4365 simus
1753 4315 1818 4365 vt
1854 4303 1999 4365 inde
2038 4304 2139 4383 pii.

932 4400 1065 4463 Nos
1103 4410 1307 4462 tamen
1347 4398 1411 4460 in
1453 4399 1688 4479 signum
1730 4400 1994 4465 vindicte
2032 4401 2316 4482 ponimus
2356 4401 2539 4477 illam,
