3434 5142
1179 392 1464 503 LI'BER
1525 439 1941 505 TERCIUS

615 600 716 662 Sic
755 610 848 661 est
888 600 1148 661 deuotus
1189 601 1461 678 cupiduS,
1507 600 1789 676 mitisque
1830 597 2140 676 superbus,

616 698 858 761 Celicus
899 709 960 759 et
1000 700 1106 776 qui
1147 700 1282 776 plus
1323 699 1669 759 sollicitatur
1710 699 1934 757 humo:

616 796 714 856 Sic
755 796 1056 856 mundum
1098 797 1186 855 sic
1227 806 1288 857 et
1331 796 1594 859 Cristum
1637 793 1918 855 retinebit
1959 803 2290 872 Vtrumque,

615 895 890 954 Mundus
930 894 1250 967 amicicior,
1297 894 1528 957 Cristus
1569 894 1815 965 amicus»,
1860 893 1989 952 erit.

617 993 784 1051 Inter
823 1010 947 1065 eos,
992 993 1182 1052 maior
1222 992 1358 1069 quis
1399 992 1490 1066 sit,
1535 993 1610 1053 lis
1649 1008 1795 1068 sepe
1834 1000 2127 1063 mouetur,

617 1089 721 1149 Set
763 1090 897 1165 quis
939 1091 1050 1150 en't
1091 1090 1322 1164 melior,
1363 1091 1602 1167 questio
1642 1090 1807 1149 nulla
1840 1098 2051 1149 sonat:

616 1187 678 1247 Si
719 1197 922 1247 tamen
962 1187 1042 1248 ad
1084 1189 1297 1249 mundi
1337 1190 1532 1249 visum
1573 1188 1755 1248 facies
1797 1186 2081 1246 bonitatis

617 1286 878 1359 Eminet,
924 1284 1042 1345 hoc
1083 1305 1216 1347 raro
1256 1288 1482 1347 viscera
1520 1285 1721 1347 cordis
1763 1282 2011 1343 habent.

697 1385 840 1443 Hoc
881 1384 1032 1444 deus
1073 1401 1205 1444 esse
1246 1386 1416 1462 pium
1455 1385 1660 1443 statuit
1701 1382 2109 1460 quodeunque
2150 1380 2397 1454 iuuaret,

618 1480 747 1541 Nos
787 1492 988 1541 tamen
1029 1483 1110 1542 ad
1151 1500 1376 1543 nocuas
1419 1490 1707 1559 prouocat
1748 1481 1835 1539 ira
1874 1496 2125 1539 manus:

614 1578 720 1638 Vti
758 1579 992 1640 iusticia
1029 1582 1186 1655 volo,
1231 1591 1324 1641 set
1363 1588 1682 1641 conuertor
1721 1579 1785 1637 in
1828 1578 1991 1649 iram,

617 1676 1102 1755 Principiumque
1143 1678 1375 1739 bonum
1415 1678 1668 1739 destruit
1707 1676 1793 1735 ira
1834 1692 2129 1751 sequens:

619 1770 879 1835 Carnem
920 1776 1162 1853 castigo,
1209 1777 1458 1836 miseros
1501 1784 1789 1847 sustento,
1836 1782 1927 1833 set
1970 1770 2113 1831 inde

618 1872 889 1933 Nascens
933 1873 1156 1934 furatur
1195 1873 1382 1950 gloria
1427 1892 1582 1935 vana
1625 1873 1872 1933 bonum.

618 1970 791 2029 Istud
832 1970 1192 2031 fermentum
1234 1972 1542 2033 mundane
1585 1972 1777 2031 laudis
1818 1977 1881 2029 et
1922 1968 2007 2027 ire

613 2065 866 2145 Absque
905 2069 1073 2130 lucro
1111 2070 1308 2129 meriti
1349 2070 1574 2147 respuit
1615 2070 1700 2127 ira
1739 2066 1877 2127 dei:

619 2164 694 2224 In
734 2166 954 2225 vicium
997 2168 1181 2227 virtus
1223 2168 1310 2227 sic
1350 2168 1610 2240 vertitur,
1652 2177 1716 2227 vt
1756 2164 1871 2226 sibi
1912 2163 2177 2225 mundus

615 2263 893 2324 Gaudeat
933 2274 994 2327 et
1036 2264 1266 2328 Cristus
1308 2275 1569 2327 transeat
1608 2264 1839 2342 absque
1879 2262 2078 2323 lucris,

698 2362 781 2421 Vt
821 2363 1020 2439 presul
1042 2353 1247 2440 'prosit
1287 2364 1522 2425 dudum
1561 2363 1647 2423 sic
1687 2362 1841 2423 ordo
1880 2360 2141 2437 petebat,

617 2459 722 2519 Set
762 2460 948 2521 modo
989 2478 1108 2537 que
1149 2462 1332 2538 presit
1372 2462 1547 2521 mitra
1587 2460 1845 2522 colenda
1884 2460 2104 2537 placet.

617 2558 876 2641 Presulis
915 2576 990 2618 ex
1029 2558 1308 2635 precibus
1349 2560 1578 2637 populo
1615 2567 1907 2637 peccante
1946 2556 2181 2617 solebat

619 2657 718 2716 Ira
759 2656 858 2717 dei
901 2658 1090 2717 minui
1131 2674 1245 2717 nec
1285 2657 1632 2718 meminisse
1673 2656 1857 2731 mali3
2160 2656 2171 2665 '

620 2754 920 2831 Nuncque
961 2774 1175 2818 manus
1219 2756 1466 2833 Moyses
1506 2774 1632 2817 non
1671 2754 1844 2832 erigit
1880 2753 1943 2813 in
1985 2770 2161 2830 prece
2191 2762 2425 2823 noster,

618 2851 750 2911 Nos
791 2852 1082 2913 Amalech
1124 2853 1264 2915 ideo
1304 2863 1477 2939 vexat
1519 2853 1586 2915 in
1605 2871 1769 2915 ‚ense
1810 2870 1939 2913 suo·

619 2950 836 3027 Moyse
874 2950 1115 3011 leuante
1155 2968 1370 3011 manus
1409 2951 1588 3013 Iosue
1628 2950 1874 3011 victoria
1912 2950 2091 3023 cedit,

620 3048 907 3125 Dumque
947 3049 1193 3109 remittit
1233 3067 1352 3121 eas,
1395 3049 1589 3109 vietus
1625 3048 1706 3109 ab
1749 3050 1921 3111 hoste
1960 3048 2153 3109 redit:

620 3146 720 3205 Sic
761 3164 871 3223 pro
911 3146 1088 3224 plebe
1129 3164 1330 3221 manu,
1374 3147 1648 3221 lacrimis,
1691 3165 1887 3224 prece,
1930 3146 2127 3209 sidera
2165 3144 2413 3222 pulsans

618 3243 827 3304 Presul
867 3243 945 3303 ab
987 3245 1230 3306 instanti
1272 3246 1468 3305 munit
1506 3245 1586 3306 ab
1627 3246 1803 3306 hoste
1844 3262 2027 3320 suos3

619 3342 732 3413 Ac,
773 3343 822 3402 si
866 3344 1147 3404 dormitet
1188 3344 1380 3404 victus
1423 3354 1662 3419 torpore
1703 3345 2008 3417 sacerdos,

619 3438 874 3501 Subdita
915 3440 1086 3518 plebs
1127 3441 1294 3503 viciis
1336 3441 1414 3502 de
1455 3442 1700 3501 leuitate
1741 3441 1923 3502 cadit.

621 3539 792 3614 Quos
833 3539 1053 3600 habeat
1092 3540 1320 3601 fructus
1360 3541 1570 3617 suplex
1609 3539 1868 3601 deuocio
1912 3538 2073 3613 iusti,

622 3636 697 3695 In
737 3637 1015 3714 precibus
1057 3638 1258 3715 Moysi
1298 3638 1557 3715 quisque
1597 3648 1805 3698 notare
1848 3644 2057 3713 potest.

701 3735 826 3810 Qui
861 3735 1058 3795 bonus
1099 3747 1190 3797 est
1229 3747 1431 3813 pastor
1469 3737 1660 3813 gregis
1701 3754 1777 3796 ex
1816 3736 2037 3813 pietate
2079 3743 2373 3808 mouetur,

622 3830 704 3891 Et
744 3832 997 3909 propriis
1038 3832 1300 3894 humeris
1341 3833 1452 3893 fert
1493 3832 1610 3894 sibi
1649 3833 1892 3909 pondus
1932 3833 2109 3907 ouis;

622 3930 745 4004 Qui
785 3930 926 3991 licet
965 3930 1228 3992 inmunis
1268 3931 1346 3991 sit
1384 3931 1466 3992 ab
1506 3931 1674 3991 omni
1715 3929 1869 4005 labe,
1912 3948 2159 3991 suorum

621 4027 1040 4089 Membrorum
1079 4030 1288 4107 culpas
1328 4030 1582 4106 imputat
1623 4030 1755 4107 ipse
1795 4028 1929 4089 sibi.

625 4125 767 4184 Non
809 4126 872 4184 in
913 4144 980 4185 se
1013 4126 1254 4189 ‚Cristus
1295 4127 1522 4188 crimen
1562 4127 1843 4187 transisse
1884 4127 2115 4200 fatetur,

619 4222 724 4282 Set
763 4241 899 4283 reus
940 4223 1004 4282 in
1045 4223 1336 4285 membris
1376 4225 1592 4285 dicitur
1631 4242 1770 4285 esse
1807 4225 1965 4286 suis:

621 4314 764 4375 Non
807 4316 948 4377 facit
989 4317 1089 4377 hic
1129 4318 1424 4397 populum
1464 4318 1830 4395 delinquere,
1874 4328 1966 4378 set
2005 4328 2209 4381 tamen
2250 4318 2381 4379 eius

1095 4431 1190 4493 176
1222 4430 1338 4481 ouis
1359 4430 1733 4485 CEHGDLna
1799 4445 1935 4482 onus
1958 4430 2044 4481 ST

2545 460 2657 505 111

2565 1304 2663 1355 150

2562 2270 2661 2323 160

2566 3262 2665 3317 170

2566 4231 2666 4281 180
