3434 5142
833 447 956 508 262
1545 442 1738 508 VOX
1795 442 2338 510 CLAMANTIS

997 602 1242 665 Iusticie
1283 602 1396 665 soli
1434 602 1556 664 vita
1597 603 1775 665 beata
1816 604 2007 665 datur.
2908 630 3051 682 1090

996 700 1140 762 Non
1183 701 1358 763 decet
1399 702 1460 761 in
1503 720 1641 779 rege
1681 702 1849 780 quod
1892 717 2084 763 mens⁴
2105 700 2399 763 contraria
2440 704 2631 765 forme

998 802 1108 877 Sit,
1147 811 1238 861 set
1277 800 1356 862 ab
1397 798 1644 861 interius
1685 799 1975 863 exteriora
2013 820 2195 880 regas.

1082 896 1204 974 Qui
1244 897 1356 959 tibi
1394 918 1576 977 regna
1615 898 1766 973 tulit,
1808 899 1909 959 alii
1950 918 2077 977 quo
2116 910 2179 962 te
2216 910 2588 974 venerantur,

997 998 1147 1070 Rex,
1191 996 1254 1057 in
1297 998 1526 1058 honore
1565 996 1664 1058 dei
1697 997 1779 1058 da
1819 1006 1921 1057 tua
1962 1008 2101 1058 vota
2140 998 2277 1059 deo·

1000 1096 1122 1171 Qui
1164 1096 1297 1172 pius
1339 1104 1431 1155 est
1471 1095 1687 1170 cristo,
1733 1096 1855 1173 regi
1898 1095 2083 1156 nichil
2124 1096 2341 1174 ingruit
2382 1096 2588 1170 hostiS,

1001 1193 1256 1254 Subdita
1296 1194 1532 1254 fortune
1571 1212 1698 1253 sors
1738 1194 1926 1271 magis
1968 1194 2155 1255 immo
2194 1195 2377 1256 fauet.

1002 1290 1066 1351 Si
1105 1292 1276 1367 cupis
1315 1301 1378 1350 vt
1417 1290 1669 1351 timeant
1709 1291 1913 1352 hostes
1952 1302 2056 1351 tua
2096 1302 2313 1369 cepti-a,
2356 1293 2597 1370 superni

1005 1388 1227 1465 Ceptra
1266 1387 1366 1448 dei
1405 1388 1632 1462 timeas,
1675 1399 1863 1467 tuque
1903 1390 2207 1451 timendus
2246 1391 2396 1451 eris:

1006 1486 1096 1546 Sit
1135 1484 1244 1545 tibi
1286 1486 1678 1547 celsithronus
1720 1488 2079 1549 metuendus
2120 1487 2201 1549 ab
2238 1506 2376 1549 arce
2416 1488 2709 1566 polorum,

1007 1583 1198 1646 Cuius
1236 1584 1316 1644 ad
1357 1584 1672 1661 imperium
1713 1586 1966 1648 flectitur
2004 1584 2199 1647 omne'
2226 1604 2405 1664 genu.
2921 1608 3053 1643 1100

1009 1680 1134 1741 Hic
1175 1682 1307 1755 ruit,
1351 1682 1581 1757 exaltat,
1626 1683 1904 1760 infirmat,
1948 1684 2141 1745 firmat
2182 1693 2244 1746 et
2284 1683 2509 1758 orbem,

1009 1780 1253 1857 Singula
1293 1779 1524 1856 fertque
1563 1799 1670 1841 sua
1711 1782 1873 1859 regia
1910 1783 2093 1844 corda
2134 1800 2351 1843 manu:

1013 1878 1138 1937 Hic
1177 1887 1269 1937 est
1310 1895 1410 1938 rex
1449 1878 1514 1937 in
1555 1898 1678 1957 quo
1720 1892 1967 1955 regnant
2009 1899 2115 1958 per
2155 1881 2355 1941 secula
2394 1898 2577 1958 reges,

1013 1975 1139 2035 Hic
1179 1986 1270 2036 est
1309 1992 1410 2037 rex
1449 1978 1582 2038 sine
1622 1995 1747 2054 quo
1788 1997 1969 2056 regna
2008 1978 2258 2039 subacta
2298 1978 2542 2049 cadunt,

1014 2074 1138 2133 Hic
1177 2084 1269 2133 est
1309 2092 1409 2134 rex
1449 2093 1557 2153 per
1595 2094 1777 2154 quem
1820 2096 1981 2137 mors
2022 2078 2143 2137 fine
2182 2094 2294 2137 suo
2334 2076 2485 2153 rapit
2524 2092 2738 2137 omnes

1013 2172 1230 2248 RegeS,
1275 2172 1471 2234 reddit
1511 2192 1616 2234 eos
1655 2172 1891 2235 actibus
1928 2186 2113 2253 atque
2153 2176 2292 2235 suis.

1099 2270 1358 2347 Magnus
1399 2282 1524 2331 erat
1565 2272 1753 2335 Cesar
1792 2284 2041 2351 totoque
2082 2273 2395 2349 potencior
2433 2266 2596 2346 orhe,

1016 2367 1199 2427 Nunc
1239 2386 1422 2445 quem
1465 2388 1578 2429 nec
1619 2371 1883 2432 mundus
1924 2380 2177 2448 ceperat,
2223 2388 2367 2430 vrna
2406 2371 2583 2447 capit.

1018 2465 1116 2525 Sic
1158 2476 1217 2526 et
1257 2467 1596 2528 Alexander
1635 2470 1987 2530 fortissimus
2029 2469 2128 2529 ille
2171 2470 2435 2529 Macedo

1018 2563 1331 2624 Clauditur
1370 2576 1640 2642 angusto,
1684 2568 1883 2644 puluis
1923 2578 1984 2630 et
2024 2585 2175 2641 ossa,
2219 2568 2392 2628 loco:
2924 2588 3058 2625 1110

1021 2662 1217 2721 Maior
1257 2673 1381 2722 erat
1423 2682 1642 2741 magno
1681 2666 1931 2741 mundo,
1975 2666 2161 2727 modo
2202 2665 2407 2727 nobile
2448 2682 2663 2743 corpus

1021 2760 1226 2819 Exulis
1269 2771 1329 2820 et
1369 2762 1508 2820 victi
1549 2762 1680 2823 vilis
1722 2779 1901 2823 arena
1942 2766 2103 2842 tegit.
2522 2768 2527 2774 '

1021 2856 1184 2917 Ecce
1225 2857 1328 2918 diu
1368 2876 1462 2919 res
1503 2858 1668 2920 nulla
1707 2871 1912 2921 manet
1950 2860 2317 2934 mortalibus,
2362 2878 2506 2921 ecce

1024 2953 1239 3014 Nullus
1280 2955 1474 3015 honor
1516 2956 1809 3033 prohibet,
1851 2959 2037 3036 gloria
2079 2960 2241 3019 nulla
2284 2957 2470 3019 mori:

1022 3053 1166 3125 ‚Nou
1209 3063 1455 3128 prosunt
1498 3056 1820 3133 quicquam
1862 3057 2145 3134 preconia
2185 3074 2337 3116 vana
2376 3054 2639 3132 sepultis,

1020 3150 1334 3227 Torquent
1374 3150 1634 3212 famosos
1673 3162 1889 3213 tartara
1928 3172 2071 3232 sepe
2112 3172 2262 3214 reos·

1023 3248 1080 3309 Ο
1123 3248 1203 3309 de
1242 3250 1548 3325 preteritis,
1593 3250 1691 3328 pie
1733 3270 1850 3327 rex,
1894 3270 2223 3313 memorare
2262 3252 2475 3325 futura,

1025 3348 1103 3407 Et
1143 3358 1351 3424 reputa
1390 3348 1628 3409 firmum
1670 3349 1837 3428 quod
1878 3352 1954 3411 sit
1993 3352 2057 3410 in
2099 3350 2247 3411 orbe
2288 3350 2507 3409 nichilt

1025 3446 1306 3522 Cumque
1345 3446 1455 3506 tibi
1497 3448 1766 3525 spacium
1808 3448 1930 3509 vite
1968 3448 2324 3510 conceditur
2364 3448 2560 3519 huiuS‚

1023 3543 1273 3619 Semper
1313 3543 1394 3604 ad
1433 3562 1617 3604 omne
1657 3544 1887 3605 bonum
1929 3546 2067 3606 viue
2108 3556 2344 3624 paratus
2387 3564 2557 3623 opus.
2930 3566 3063 3604 1120

1024 3638 1311 3701 Subditus
1353 3653 1482 3701 esto
1523 3642 1656 3716 dee,
1701 3644 1753 3702 si
1795 3654 1860 3702 tu
1902 3642 1990 3703 vis
2030 3644 2268 3704 vincere
2309 3644 2640 3704 mundum:

1027 3738 1150 3813 Qui
1193 3738 1390 3799 Cristo
1431 3739 1630 3813 seruit,
1675 3741 1904 3817 optima
1944 3758 2125 3819 regna
2165 3742 2331 3821 regit.

933 3954 1053 4011 Hic
1088 3958 1358 4026 loquitur
1393 3960 1664 4029 qualiter
1697 3975 1813 4017 rex
1846 3961 1916 4015 in
1957 3960 2229 4018 caritate
2262 3962 2364 4017 dei
2399 3964 2467 4019 et
2507 3959 2779 4031 proximi
2818 3956 3067 4021 vinens,

865 4046 1090 4099 contra
1125 4048 1670 4114 snpemenientem
1704 4052 1987 4115 mortem,
2012 4063 2134 4118 qne
2168 4050 2327 4104 nulli
2364 4049 2572 4118 parcit
2605 4047 2763 4117 regi,
2786 4044 2955 4102 omni
2992 4059 3065 4100 se

867 4131 1053 4186 debet
1075 4132 1415 4201 diligencia
1438 4136 1793 4205 prouidere.

617 4254 812 4330 Capm.
845 4254 976 4313 xvii.
1106 4253 1336 4315 Omnes
1377 4256 1456 4316 de
1496 4266 1689 4318 morte
1731 4258 1935 4319 statuit
1976 4269 2187 4320 natura
2224 4258 2451 4333 timere,

1535 4426 1658 4490 Cap.
1687 4428 1809 4477 xvii.
1832 4428 2073 4494 Heading
2095 4445 2118 4479 1
2144 4430 2197 4479 in
2221 4444 2321 4479 ont,
2344 4428 2389 4478 C
