3434 5142
1079 439 1428 503 TERCIA
1475 438 1712 503 PARS
2528 452 2649 515 335

459 592 688 663 Omnes
730 611 887 661 sorte
927 600 1052 679 pari
1095 600 1372 661 dubitant
1413 619 1534 677 qua
1573 610 1740 677 parte
1780 598 1985 659 iuuari.

457 702 632 759 Tunc
673 700 910 759 fortuna
948 710 1138 759 rotam
1181 696 1421 759 diuertit
1459 698 1540 758 ab
1580 698 1725 759 inde
1762 708 2071 770 remotam,
2411 718 2503 769 190

460 796 740 873 Cecaque
780 795 1120 874 permansit,
1166 797 1313 856 dum
1355 815 1456 855 rex
1497 814 1672 873 super
1713 812 1938 871 equora
1976 782 2199 853 transit.

461 896 633 969 Quos
673 894 920 969 laqueos
961 891 1102 953 fecit
1142 891 1206 951 in
1247 911 1368 965 eOS,
1411 909 1521 952 sua
1560 893 1739 969 culpa
1777 889 1995 964 reiecit,

461 988 583 1066 Qui
623 991 932 1067 laqueatus
972 988 1098 1061 erit,
1141 986 1328 1066 patrie
1367 989 1515 1050 dum
1556 987 1756 1049 littora
1792 986 2001 1065 querit.

463 1088 605 1147 Hoc
645 1106 770 1147 non
811 1076 1105 1159 obstante,
1149 1096 1331 1147 vento
1371 1096 1573 1147 tamen
1613 1084 1965 1174 exagitante,

463 1187 706 1244 Portum
747 1185 986 1243 fatalem
1029 1202 1155 1243 sors
1195 1182 1394 1245 reddit
1433 1182 1490 1243 ei
1530 1182 1889 1261 specialem3

462 1284 658 1360 Inque
699 1274 836 1341 suas
875 1282 1076 1341 claues
1117 1279 1276 1358 cepit
1317 1282 1440 1341 fera
1481 1280 1694 1341 Wallia
1732 1300 1935 1355 naues,

463 1382 631 1455 Quas
671 1379 792 1439 cito
833 1378 1124 1452 dissoluit,
1166 1377 1318 1457 regis
1358 1399 1497 1440 cum
1538 1381 1697 1439 facta
1734 1378 2007 1440 reuoluit.

463 1478 596 1538 Rex
635 1476 877 1537 mittens
919 1488 1106 1537 sortes
1149 1476 1458 1537 mandauit
1497 1476 1718 1537 habere
1758 1479 2053 1551 cohortes,

462 1576 565 1634 Set
605 1572 790 1633 nichil
828 1572 1076 1646 inuenit,
1121 1572 1222 1633 vbi
1261 1572 1456 1651 gracia
1495 1574 1660 1634 nulla
1697 1573 1943 1634 reuenit.

465 1672 608 1731 Hoc
648 1670 732 1730 ita
771 1690 1032 1749 cumque
1071 1670 1294 1743 vident,
1339 1669 1586 1749 quidam
1627 1670 1742 1731 sub
1784 1689 2084 1731 murmure
2124 1669 2336 1742 rident,
2413 1690 2511 1727 200

465 1770 544 1828 Et
585 1768 829 1846 quidam
871 1770 1084 1829 flentes
1124 1770 1358 1829 fuerant
1398 1772 1476 1831 de
1516 1770 1701 1831 corde
1740 1770 2050 1831 dolentes:

465 1868 756 1943 Prospera
794 1885 914 1943 que
953 1865 1163 1940 nescit,
1207 1877 1353 1927 tunc
1393 1866 1552 1945 regia
1592 1886 1819 1945 pompa
1856 1865 2115 1939 recessit,

466 1963 740 2041 Quisque
779 1962 934 2023 viam
977 1963 1150 2023 vertit
1191 1962 1408 2038 subito,
1453 1984 1565 2025 nec
1604 1966 1684 2024 ad
1724 1984 1891 2023 arma
1929 1962 2186 2024 reuertit.

464 2064 639 2121 Tunc
678 2080 796 2133 rex,
841 2072 904 2120 vt
943 2060 1106 2134 dicit,
1150 2081 1260 2121 sua
1297 2063 1418 2122 fata
1457 2063 1668 2122 dolens
1707 2061 2026 2135 maledicit,

467 2160 600 2220 Nec
639 2158 810 2219 timet
851 2158 992 2219 hinc
1035 2145 1314 2231 Cristum‚
1359 2159 1654 2218 mundum
1695 2178 1809 2219 nec
1848 2156 2155 2219 abhorruit
2196 2157 2393 2231 istum,

467 2254 609 2312 Non
651 2262 742 2313 est
780 2252 1086 2325 contrituS,
1129 2272 1244 2313 nec
1285 2253 1411 2312 vult
1450 2250 1747 2312 dimittere
1784 2251 1948 2327 ritus,

465 2346 549 2406 Vt
590 2345 768 2424 ptius
793 2344 1023 2419 errauit,
1069 2344 1155 2406 sic
1196 2365 1431 2423 semper
1471 2344 1883 2420 continuauit3

470 2442 568 2503 Sic
608 2442 747 2503 furit
786 2442 914 2522 ipse
955 2443 1126 2503 malis
1167 2462 1402 2521 semper
1441 2442 1570 2505 sine
1618 2444 1749 2521 lege
1788 2443 1999 2518 feraliS,

468 2540 769 2620 Principio
808 2540 1000 2619 qualis
1039 2551 1297 2614 steterat,
1341 2552 1455 2601 stat
1497 2542 1736 2619 fineque
1774 2540 1922 2601 talis

469 2640 697 2701 Cautus
737 2650 800 2699 vt
839 2638 1072 2699 inuadit
1111 2658 1313 2717 agnos,
1359 2658 1512 2717 quos
1553 2640 1755 2700 ledere
1793 2638 1972 2713 vadit,
2420 2662 2517 2696 210

469 2736 699 2815 Vulpis,
743 2735 806 2797 in
849 2738 1088 2798 occulto
1129 2735 1214 2798 sic
1255 2757 1356 2797 rex
1395 2757 1433 2797 a
1472 2747 1743 2815 tempore
1780 2739 1989 2811 multe,

473 2836 722 2895 Pectore
761 2834 965 2895 subtili
1005 2833 1240 2895 iuuenis
1281 2834 1393 2895 sub
1434 2836 1644 2895 fraude
1669 2830 1857 2907 senili,

461 2931 672 2993 'Omne
712 2934 904 2993 scelus
945 2931 1156 3011 poscit,
1200 2952 1446 3011 regnum
1489 2952 1612 3009 quo
1653 2933 1900 3009 perdere
1939 2930 2163 3009 possit:

471 3030 647 3088 Tunc
689 3048 866 3107 super
905 3048 1088 3089 omne
1129 3040 1332 3089 tamen
1373 3026 1674 3105 conspirat
1713 3028 1935 3088 habere
1972 3030 2267 3099 leuamen,

471 3128 651 3187 Vnde
693 3126 862 3187 ducis
904 3138 1126 3187 sortem
1166 3128 1328 3187 fallat
1371 3124 1674 3204 fugiatque
1713 3126 2039 3185 cohortem.

472 3223 640 3285 Hinc
681 3234 1078 3301 perscrutatur
1116 3225 1292 3285 dolus
1331 3234 1393 3283 et
1432 3225 1591 3282 fraus
1631 3219 2027 3296 continuatur,

473 3321 536 3382 Si
577 3320 724 3400 quid
765 3322 1048 3399 prodesse
1088 3320 1305 3399 poterit
1344 3330 1597 3397 cogente
1637 3338 1916 3379 necesse:

477 3421 585 3480 Est
623 3418 710 3480 ibi
751 3416 838 3478 vis
879 3419 1057 3490 nulla,
1102 3420 1263 3478 velut
1303 3438 1370 3479 os
1411 3417 1564 3495 perit
1603 3416 1833 3495 absque
1872 3418 2156 3491 medulla,

475 3516 608 3575 Rex
648 3513 752 3591 qui
792 3533 970 3592 posse
1009 3524 1169 3574 caret
1209 3534 1318 3591 pro
1358 3524 1503 3574 tunc
1543 3512 1673 3574 sine
1713 3512 1935 3573 viribus
1975 3524 2136 3574 aret:

475 3615 588 3673 Per
626 3613 776 3685 loca,
819 3631 926 3690 per
965 3622 1156 3671 castra
1193 3610 1359 3689 fugit,
1403 3621 1463 3671 et
1503 3610 1554 3671 si
1594 3620 1740 3671 tunc
1778 3630 1957 3689 super
1995 3623 2151 3671 astra
2424 3636 2519 3673 220

473 3711 774 3771 Scandere
812 3709 1098 3782 sciuisset,
1141 3711 1557 3771 transcendere
1597 3720 1743 3770 tunc
1782 3708 2081 3771 voluisset.

477 3806 575 3868 Sic
615 3817 816 3867 tumor
853 3809 1042 3868 elatus
1083 3826 1274 3885 nuper
1315 3818 1437 3867 tarn
1479 3806 1893 3885 magnificatus

477 3905 586 3965 Est
627 3902 804 3964 timor
844 3906 1106 3977 effectus,
1150 3903 1387 3964 latitans
1432 3902 1601 3981 quasi
1643 3905 1807 3981 talpa
1844 3902 2112 3965 reiectus

477 4003 680 4077 Quem
721 3988 855 4060 non‘
887 4010 1190 4077 preseruat
1231 3999 1478 4074 CristuS,
1522 4018 1587 4061 se
1626 4019 1753 4060 non
1796 4002 1981 4075 homo
2022 4012 2233 4075 seruat,

479 4098 558 4156 Et
598 4094 874 4174 quamuis
914 4097 1082 4156 tarde
1123 4098 1202 4157 de
1241 4107 1302 4157 te
1343 4098 1556 4174 loquor
1595 4094 1725 4169 ista,
1770 4095 2045 4159 Ricarde.

558 4191 814 4271 Peruigil
854 4213 892 4252 a
931 4192 1200 4272 sompnis
1240 4195 1406 4273 quod
1448 4193 1665 4255 dicitur
1701 4193 1908 4255 audiat
1947 4194 2159 4271 omnis,

479 4292 559 4352 Et
599 4292 766 4369 quod
806 4290 1038 4352 dicetur
1077 4291 1272 4371 regnis
1312 4291 1791 4371 exemplificetur.

753 4410 761 4423 “
857 4426 951 4477 197
987 4412 1092 4464 sata
1113 4413 1156 4464 C
1486 4428 1586 4477 219
1618 4420 1839 4476 protunc
1860 4414 1983 4463 CH·

2611 4252 2849 4315 Qualiter
2866 4272 2960 4307 rex
2986 4258 3162 4308 Ricar-

2546 4320 2643 4369 dus
2668 4336 2783 4371 cum
2815 4325 2923 4375 suis
2952 4324 3163 4375 fautori-
