3434 5142
1131 495 1417 560 LIBER
1475 495 1908 575 QUINTUS
2495 517 2622 578 209

579 652 896 730 Numquid
939 662 1000 714 et
1040 655 1169 731 ipsa
1209 652 1379 716 breui
1420 663 1692 731 tempore
1731 672 1886 713 vana
1925 655 2090 731 petit.
2524 663 2624 716 286

660 750 736 824 Ο,
782 770 889 811 cur
929 751 1015 812 sic
1056 751 1227 813 miles
1268 752 1481 812 mundi
1522 751 1635 813 sibi
1678 753 1874 830 querit
1918 751 2194 826 honoreS‚

580 847 767 909 Cuius
809 848 1003 908 honor
1040 849 1253 910 mundi
1295 859 1409 909 stat
1450 850 1581 910 sine
1619 849 1799 910 laude
1839 849 1961 924 dei,

578 944 760 1023 Vulgi
800 946 1105 1024 vaniloqui
1146 964 1453 1008 sermones
1493 946 1665 1008 miles
1705 948 2000 1008 honorem

580 1043 806 1120 Credit,
850 1054 912 1104 et
951 1045 1065 1105 hos
1106 1045 1307 1122 precio
1348 1046 1557 1106 mortis
1596 1044 1820 1107 habere
1859 1044 2070 1121 cupit?

582 1141 685 1201 Nil
725 1151 929 1201 tamen
971 1143 1100 1220 ipse
1138 1152 1315 1204 cauet
1354 1143 1503 1204 dum
1544 1144 1800 1203 vincitur
1837 1161 1874 1203 a
1913 1143 2178 1217 muliere,

580 1239 725 1314 Quo
764 1258 901 1300 reus
940 1251 1081 1301 ante
1123 1241 1306 1302 deum
1348 1242 1543 1318 perdit
1582 1241 1827 1302 honoris
1868 1259 2070 1318 opem.

583 1337 750 1412 Quid
792 1337 905 1398 sibi
947 1339 1074 1398 vult
1117 1339 1291 1416 igitur
1330 1339 1584 1400 audacia
1624 1341 1711 1400 sic
1750 1341 2026 1400 animosa

581 1431 795 1492 Militis
836 1433 899 1491 in
940 1451 1215 1506 vacuum,
1258 1451 1378 1510 que
1418 1434 1659 1495 racione
1698 1445 1861 1496 caret
1879 1436 1910 1494 Ρ

584 1530 743 1590 Laus
784 1531 1018 1590 canitur
1056 1531 1285 1606 frustra,
1328 1532 1443 1592 nisi
1484 1532 1681 1593 laudis
1723 1534 1800 1592 sit
1837 1533 1990 1594 deus
2031 1541 2279 1608 auctor3

583 1626 869 1688 Dedecus
912 1638 1003 1688 est
1042 1639 1103 1688 et
1143 1628 1339 1690 honor
1380 1629 1486 1707 qui
1526 1639 1703 1690 sonat
1743 1628 1974 1708 absque
2015 1631 2152 1691 dec.
2525 1652 2626 1706 290

586 1724 809 1785 Nescio
850 1725 999 1803 quid
1037 1726 1231 1788 laudis
1271 1727 1437 1804 cupit
1472 1736 1581 1788 aut
1622 1727 1737 1788 sibi
1779 1729 1950 1789 miles
1992 1728 2252 1802 honoris,

583 1823 751 1884 Dum
792 1824 945 1885 deus
984 1824 1299 1904 indignum
1338 1826 1451 1888 scit
1490 1826 1619 1888 fore
1659 1826 1852 1886 laudis
1895 1844 2057 1886 eum.

488 2028 611 2086 Hic
667 2031 948 2101 loquitur
1012 2032 1264 2088 interim
1333 2033 1413 2088 de
1482 2032 2030 2090 emendacione
2097 2033 2376 2088 mulieris
2444 2033 2627 2098 bone,

420 2119 598 2175 euius
657 2119 1049 2177 condicionis
1105 2120 1315 2175 virtue
1374 2121 1733 2191 approbata.
1792 2135 2018 2176 omnes
2082 2119 2297 2176 mundi
2367 2119 2628 2178 delicias

418 2207 850 2265 &sucenditz
898 2209 1175 2276 loquitur
1218 2207 1419 2264 eciam
1466 2208 1545 2263 de
1588 2207 1850 2264 muliere
1895 2209 2092 2273 mala,
2131 2209 2312 2264 cuiue
2358 2210 2630 2268 cautelis

422 2295 537 2350 vix
571 2296 835 2364 sapiens
867 2294 1135 2352 resistit.

234 2415 433 2493 Capm.
467 2417 541 2476 vi.
666 2418 807 2476 Vna
846 2417 957 2476 fuit
998 2434 1104 2494 per
1142 2434 1327 2494 quam
1368 2416 1583 2476 mulier
1620 2417 1772 2477 deus
1811 2415 1967 2476 altus
2006 2416 2086 2477 ad
2127 2435 2264 2493 yma

584 2515 789 2590 Venit,
829 2525 890 2574 et
930 2533 1003 2574 ex
1045 2515 1173 2574 eius
1212 2532 1393 2574 carne
1434 2514 1501 2573 fit
1540 2515 1669 2591 ipse
1712 2533 1867 2588 caro,

585 2612 774 2673 Cuius
815 2611 1045 2671 honore
1086 2612 1274 2688 magis
1314 2611 1615 2672 laudande
1656 2621 1796 2671 sunt
1837 2610 2115 2672 mulieres

587 2709 729 2770 Hee
766 2709 991 2787 quibus
1027 2719 1116 2770 est
1158 2711 1371 2770 merito
1412 2710 1606 2771 laudis
1645 2709 1913 2787 agendus
1955 2708 2164 2769 honor.

587 2807 687 2867 De
726 2807 972 2868 muliere
1012 2805 1176 2868 bona
1216 2806 1382 2868 bona
1420 2808 1653 2886 sing-ula
1692 2807 2166 2884 progrediuntur,

586 2903 777 2966 Cuius
818 2905 1105 2966 honestus
1146 2923 1316 2967 amor
1356 2905 1565 2983 prebet
1605 2906 1824 2965 amoris
1866 2923 2087 2982 opem:

591 3005 864 3065 Preualet
902 3016 1150 3082 argento
1190 3006 1403 3065 mulier
1443 3005 1621 3077 bona,
1666 3003 1932 3081 preualet
1973 3021 2136 3077 aum,

588 3102 978 3179 Condignum
1018 3102 1201 3179 precii
1242 3103 1447 3178 nilque
1486 3100 1703 3162 valebit
1745 3102 1838 3176 ei3
2527 3121 2629 3175 300

590 3201 822 3278 Lingua
862 3201 1076 3260 referre
1117 3200 1323 3277 nequit
1364 3209 1469 3259 aut
1508 3199 1768 3259 scribere
1810 3217 2010 3276 penna
2050 3197 2311 3258 valorem

590 3299 761 3373 Eius,
800 3315 981 3375 quam
1024 3296 1263 3358 bonitas
1304 3296 1482 3373 plena
1521 3296 1742 3356 decore
1783 3306 1968 3356 notat.

588 3395 827 3457 Nobilis
870 3397 932 3454 in
974 3395 1157 3474 portis
1198 3394 1560 3454 reuerendus
1602 3395 1690 3452 vir
1731 3393 1902 3454 sedet
1942 3395 2086 3468 eius„

590 3493 1077 3571 Hospiciumque
1116 3510 1292 3552 suum
1333 3491 1602 3552 continet
1643 3509 1828 3551 omne
1867 3490 2134 3554 bonum:

589 3590 877 3651 Vestibus
918 3600 1205 3650 ornantur
1246 3590 1467 3664 famuli,
1514 3607 1663 3667 quas
1704 3588 1919 3650 ordine
1959 3589 2146 3666 duplo

594 3690 742 3750 Eius
783 3690 847 3748 in
888 3689 1097 3749 actiuis
1138 3688 1249 3750 sert
1290 3707 1541 3766 operosa
1581 3707 1833 3748 manus:

591 3787 745 3849 Ocia
786 3787 949 3846 nulla
988 3805 1129 3846 suos
1169 3795 1465 3863 temptant
1504 3786 1834 3847 discurrere
1875 3803 2102 3859 sensus,

591 3886 765 3960 Quos
808 3883 1112 3944 muliebris
1152 3901 1270 3961 ope
1309 3892 1507 3944 seruat
1546 3883 1771 3961 vbique
1811 3882 2021 3960 pudor.

591 3982 693 4043 Sic
732 3983 1034 4042 laudanda
1072 3980 1235 4041 bona
1274 3982 1499 4042 meritis
1539 3992 1629 4041 est
1669 3981 1849 4041 laude
1889 3978 2196 4056 perhenni,

593 4080 797 4156 Quam
838 4080 994 4140 mala
1033 4079 1234 4156 lingua
1273 4079 1488 4156 loquax
1531 4079 1772 4140 demere
1812 4078 1976 4136 nulla
2015 4086 2230 4154 potest.
2533 4097 2632 4149 3¹0

675 4180 815 4254 Que
855 4187 1056 4238 tamen
1099 4187 1343 4237 econtra
1382 4177 1593 4236 mulier
1634 4195 1745 4236 sua
1783 4176 2026 4253 gesserit
2064 4185 2214 4249 acta,

594 4275 655 4334 N
657 4293 739 4334 on
780 4276 919 4336 ideo
960 4275 1215 4352 reliquas
1255 4273 1468 4350 polluit
1509 4273 1638 4350 ipsa
1678 4272 1906 4334 bonas:

595 4372 748 4434 Sunt
789 4373 974 4434 nichil
1014 4373 1115 4433 illa
1155 4370 1348 4449 probo
1388 4389 1529 4431 cum
1569 4371 1649 4432 de
1688 4372 1947 4433 vecorde
1986 4372 2316 4450 loquamur,

1174 4487 1267 4535 281
1305 4484 1383 4536 sic
1407 4483 1704 4535 CEHGDL
1768 4485 1814 4536 si
1837 4485 1878 4536 S

518 4567 665 4604 *ss*
1529 4585 1567 4628 P
