3434 5142
759 452 877 515 124
1458 434 1660 499 VOX
1715 434 2255 499 CLAMANTIS

999 596 1172 671 Quos
1215 595 1378 673 prius
1421 594 1674 655 ecclesia
1715 594 2071 657 fundauerat
2114 597 2243 674 ipsa
2286 596 2512 671 fideleS,

917 693 1099 753 Nunc
1140 693 1326 771 magis
1368 693 1696 770 impaciens
1739 693 1888 753 dura
1926 712 2033 771 per
2072 712 2236 753 arma
2278 706 2468 755 necat.

917 792 1205 852 Rusticus
1247 792 1583 869 agricolam,
1629 791 1801 852 miles
1843 792 1967 851 fera
2006 790 2166 851 bella
2204 801 2527 870 gerentem,

918 889 1240 949 Rectorem
1283 888 1469 950 dubie
1511 890 1713 949 nauita
1754 889 1972 966 puppis
2014 900 2216 950 amat:
2864 902 2966 951 620

919 986 1149 1048 Cristus
1189 996 1350 1047 amat
1392 1005 1621 1064 pacem,
1667 1006 1785 1064 pax
1824 987 2106 1046 vendicat
2147 998 2209 1047 et
2250 986 2363 1047 sibi
2406 989 2649 1063 clerum,

920 1083 1131 1145 Clerus
1171 1095 1232 1145 et
1273 1104 1413 1163 ergo
1453 1102 1596 1145 suos
1637 1083 1821 1145 debet
1863 1084 2084 1145 habere
2123 1087 2273 1162 pios.

917 1183 1124 1259 Turpe
1165 1182 1384 1243 referre
1423 1182 1642 1259 pedem
1687 1200 1802 1241 nec
1842 1200 2021 1259 passu
2064 1192 2220 1243 stare
2260 1184 2472 1257 tenaci,

917 1280 1122 1356 Turpe
1163 1278 1535 1340 laborantem
1579 1279 1915 1340 deseruisse
1954 1290 2187 1355 ratem;

917 1377 1180 1453 Turpius
1221 1387 1312 1437 est
1353 1377 1533 1438 Cristi
1575 1395 1683 1454 pro
1726 1375 1958 1436 mundo
2000 1376 2127 1436 iura
2167 1376 2386 1453 fugare,

919 1474 1042 1549 Qui
1086 1484 1353 1534 statuunt
1393 1474 1620 1534 bellum
1660 1474 1825 1551 pacis
1864 1473 2079 1535 adesse
2117 1475 2270 1535 loco,

920 1569 1144 1632 Omnia
1184 1590 1365 1649 regna
1405 1572 1594 1649 quasi,
1637 1570 1819 1633 Cristi
1862 1589 1983 1649 que
2024 1591 2249 1632 nomen
2291 1572 2555 1647 invndat,

923 1668 1093 1729 Bella
1131 1679 1343 1747 gerunt
1382 1668 1651 1747 reprobis
1692 1668 2021 1730 horridiora
2061 1672 2292 1731 Gethis.

921 1766 1229 1827 Sufficeret
1268 1777 1472 1827 tamen
1512 1767 1647 1841 hoc,
1693 1768 1863 1845 quod
1906 1767 2063 1827 bella
2102 1768 2299 1829 forent
2340 1769 2641 1841 laicorum,

920 1865 984 1926 Si
1027 1883 1150 1925 non
1190 1866 1358 1941 quod
1399 1866 1638 1942 proprio
1679 1866 1874 1926 clerus
1917 1866 1980 1925 in
2022 1884 2167 1926 ense
2206 1866 2390 1927 ferat:
2866 1878 2969 1939 630

921 1963 1230 2041 Quicquid
1271 1975 1449 2041 agant
1490 1964 1641 2037 laici,
1687 1964 1889 2023 minus
1931 1982 2213 2025 excusare
2253 1964 2467 2025 valebo

920 2060 1184 2135 Clerum,
1228 2079 1411 2138 quem
1453 2061 1632 2123 Cristi
1677 2062 1881 2139 regula
1922 2062 2087 2139 pacis
2130 2062 2327 2123 habet.

921 2158 1026 2219 Set
1066 2158 1230 2219 bona
1270 2177 1391 2237 que
1433 2159 1645 2220 mundi
1685 2159 1939 2237 fugitiua
1980 2170 2120 2220 sunt
2162 2160 2325 2220 velut
2364 2160 2589 2234 vmbra,

920 2256 1262 2333 Postposito
1303 2256 1518 2331 Crist0,
1563 2256 1722 2317 bella
1762 2257 2083 2335 nephanda
2126 2267 2394 2318 mouent.

1001 2354 1311 2431 Quicquid
1352 2356 1414 2413 in
1456 2354 1736 2415 humanis
1778 2356 1853 2415 sit
1896 2355 2277 2432 spiritualiter
2314 2366 2535 2430 actum,

921 2450 1132 2513 Clerus
1172 2453 1236 2511 in
1277 2452 1476 2513 officio
1517 2455 1737 2513 clamat
1776 2453 2000 2514 habere
2040 2471 2187 2514 suo:

921 2549 1032 2609 Est
1074 2559 1134 2610 et
1175 2550 1499 2611 mundanis
1539 2569 1660 2628 que
1701 2552 1892 2611 maior
1930 2551 2117 2629 gloria
2156 2549 2353 2625 rebuS,

920 2646 1220 2707 Vendicat
1262 2648 1380 2709 hoc
1419 2649 1599 2725 gladii
1639 2649 1999 2726 proprietate
2040 2650 2151 2709 sui.

920 2746 1020 2805 Sic
1061 2747 1248 2807 modo
1289 2746 1402 2807 fert
1442 2748 1635 2808 clerus
1676 2748 1949 2825 geminas
1990 2744 2211 2824 quibus
2252 2747 2453 2808 euolat
2494 2748 2635 2822 ala8,

922 2843 1035 2903 Illa
1073 2854 1278 2905 tamen
1319 2846 1532 2906 mundi
1572 2846 1706 2923 plus
1748 2846 1945 2923 placet
1986 2845 2081 2905 ala
2120 2844 2253 2905 sibi.
2863 2856 2965 2917 640

921 2941 1022 3003 Sic
1060 2942 1230 3019 piper
1269 2943 1453 3004 vrtice
1492 2943 1791 3003 mordacis
1832 2944 2063 3003 semina
2106 2942 2375 3017 miscent,

925 3041 1091 3100 Dum
1133 3041 1326 3101 clerus
1365 3040 1576 3101 mundi
1621 3058 1879 3118 sponsus
1919 3040 2168 3101 adheret
2208 3040 2307 3116 ei3

924 3138 1210 3216 Dumque
1247 3147 1486 3199 tumens
1528 3138 1759 3199 mundo
1800 3138 1992 3199 clerus
2034 3156 2101 3197 se
2142 3138 2355 3199 miscet
2392 3156 2591 3212 auar0,

925 3237 1070 3311 Quo
1110 3236 1313 3297 doleat
1353 3237 1627 3314 populus,
1673 3236 1742 3296 fit
1782 3237 1970 3314 magis
2011 3254 2148 3313 egra
2189 3236 2367 3296 saluS.

926 3336 986 3395 N
987 3353 1071 3395 on
1113 3335 1254 3395 satis
1295 3344 1386 3395 est
1427 3335 1540 3394 illis
1580 3335 1874 3411 populum
1916 3352 2127 3395 vexare
2166 3334 2455 3410 quietum,

923 3432 1028 3494 Set
1067 3451 1351 3509 magnum
1393 3431 1554 3494 bello
1593 3433 1909 3493 sollicitare
1950 3432 2150 3493 deum.

925 3531 1036 3591 Est
1080 3534 1096 3563 ‘
1114 3533 1259 3592 Non
1301 3530 1543 3592 occides
1560 3532 1575 3559 ’
1617 3531 1921 3607 scriptum,
1968 3539 2059 3591 set
2100 3532 2163 3590 in
2202 3530 2351 3591 orbe
2393 3538 2739 3593 manentem

926 3630 1200 3690 Preualet
1242 3629 1359 3689 hoc
1399 3638 1630 3690 certum
1673 3628 1871 3688 nullus
1912 3628 2135 3689 habere
2176 3629 2393 3689 locum.
2474 3662 2484 3671 ·

925 3727 1038 3787 Est
1077 3726 1178 3787 vbi
1219 3727 1320 3788 dic
1360 3744 1501 3805 ergo
1542 3728 1636 3787 ius
1677 3736 1966 3807 nostrum,
2012 3744 2217 3787 nonne
2256 3725 2501 3787 caducis

925 3822 1175 3885 Talibus
1216 3825 1277 3884 in
1314 3823 1494 3885 rebus
1535 3843 1684 3902 quas
1726 3826 1979 3887 retinere
2020 3824 2277 3901 nequis?
2868 3832 2968 3900 650

1007 3922 1196 3983 Linea
1237 3923 1448 3983 natalis
1490 3925 1694 3984 matris
1735 3924 1815 3984 de
1856 3924 1983 3982 iure
2022 3923 2239 3982 fatetur

927 4020 1238 4081 Heredem
1279 4021 1561 4096 Cristum,
1606 4040 1729 4099 qua
1768 4022 1878 4081 fuit
1918 4031 2100 4094 ortuS,
2146 4020 2353 4081 humi:

927 4118 990 4179 Si
1033 4119 1181 4195 quid
1223 4119 1284 4178 in
1327 4118 1446 4179 hoc
1486 4120 1720 4180 mundo
1762 4118 1940 4180 nobis
1982 4120 2287 4197 proprium
2329 4119 2517 4197 magis
2558 4126 2732 4193 esset,

927 4218 1070 4277 Pars
1111 4216 1263 4276 foret
1302 4215 1421 4277 hoc
1462 4216 1640 4278 Cristi
1681 4236 1803 4295 que
1842 4218 2110 4278 titulatur
2150 4217 2247 4281 eit

829 4374 924 4433 617
967 4374 1054 4423 No
1080 4378 1292 4437 paragr.
1333 4370 1423 4421 (ΞΕ
1636 4374 1737 4437 633
1776 4380 1899 4424 sunt
1935 4374 2112 4423 vmbra
2149 4372 2306 4423 velud
2347 4371 2537 4439 (velut)
2576 4372 2789 4435 sugitiua
2826 4371 2965 4422 CEG

761 4446 882 4489 aunt
905 4438 1118 4502 sugitiua
1140 4436 1286 4489 velut
1305 4438 1483 4489 vmbra
1505 4436 1549 4489 L
1744 4440 1839 4503 641
1864 4439 2015 4505 piper
2034 4439 2197 4492 vrtice
2216 4456 2319 4491 om.
2344 4439 2393 4491 D
2418 4439 2617 4506 (blank)
