<?xml version="1.0" encoding="UTF-8"?>
<!DOCTYPE html PUBLIC "-//W3C//DTD XHTML 1.0 Transitional//EN"
    "http://www.w3.org/TR/xhtml1/DTD/xhtml1-transitional.dtd">
<html xmlns="http://www.w3.org/1999/xhtml" xml:lang="en" lang="en">
 <head>
  <title>
</title>
<meta http-equiv="Content-Type" content="text/html;charset=utf-8" />
  <meta name='ocr-system' content='tesseract 3.04.00' />
  <meta name='ocr-capabilities' content='ocr_page ocr_carea ocr_par ocr_line ocrx_word'/>
</head>
<body>
  <div class='ocr_page' id='page_1' title='image "./completeworksjo01macagoog_0408.png"; bbox 0 0 3434 5142; ppageno 0'>
   <div class='ocr_carea' id='block_1_1' title="bbox 842 418 967 499">
    <p class='ocr_par' dir='ltr' id='par_1_1' title="bbox 842 418 967 499">
     <span class='ocr_line' id='line_1_1' title="bbox 842 418 967 499; baseline 0.008 -19"><span class='ocrx_word' id='word_1_1' title='bbox 842 418 967 499; x_wconf 84' lang='lat'><strong>318</strong></span> 
     </span>
    </p>
   </div>
   <div class='ocr_carea' id='block_1_2' title="bbox 345 592 968 709">
    <p class='ocr_par' dir='ltr' id='par_1_2' title="bbox 345 592 968 709">
     <span class='ocr_line' id='line_1_2' title="bbox 345 592 968 656; baseline -0.005 -12"><span class='ocrx_word' id='word_1_2' title='bbox 345 594 542 656; x_wconf 75' lang='lat' dir='ltr'><strong>absque</strong></span> <span class='ocrx_word' id='word_1_3' title='bbox 598 592 968 655; x_wconf 80' lang='lat' dir='ltr'>redempcione</span> 
     </span>
     <span class='ocr_line' id='line_1_3' title="bbox 347 658 678 709; baseline 0.009 -3"><span class='ocrx_word' id='word_1_4' title='bbox 347 658 678 709; x_wconf 78' lang='lat' dir='ltr'><strong>iudicaretur.</strong></span> 
     </span>
    </p>
   </div>
   <div class='ocr_carea' id='block_1_3' title="bbox 341 774 966 1484">
    <p class='ocr_par' dir='ltr' id='par_1_3' title="bbox 341 774 966 1484">
     <span class='ocr_line' id='line_1_4' title="bbox 414 774 964 839; baseline -0.007 -13"><span class='ocrx_word' id='word_1_5' title='bbox 414 776 650 838; x_wconf 81' lang='lat' dir='ltr'><strong>Qualiter</strong></span> <span class='ocrx_word' id='word_1_6' title='bbox 662 774 964 839; x_wconf 86' lang='lat' dir='ltr'><strong>parliamen-</strong></span> 
     </span>
     <span class='ocr_line' id='line_1_5' title="bbox 343 842 966 903; baseline -0.005 -11"><span class='ocrx_word' id='word_1_7' title='bbox 343 848 454 893; x_wconf 80' lang='lat' dir='ltr'><strong>tum</strong></span> <span class='ocrx_word' id='word_1_8' title='bbox 479 842 731 903; x_wconf 81' lang='lat' dir='ltr'><strong>gradatim</strong></span> <span class='ocrx_word' id='word_1_9' title='bbox 757 854 966 903; x_wconf 85' lang='lat' dir='ltr'><strong>proces-</strong></span> 
     </span>
     <span class='ocr_line' id='line_1_6' title="bbox 344 908 966 970; baseline -0.008 -12"><span class='ocrx_word' id='word_1_10' title='bbox 344 910 433 967; x_wconf 84' lang='lat' dir='ltr'><strong>sit,</strong></span> <span class='ocrx_word' id='word_1_11' title='bbox 489 908 736 970; x_wconf 82' lang='lat' dir='ltr'>precipue</span> <span class='ocrx_word' id='word_1_12' title='bbox 791 912 966 954; x_wconf 83' lang='lat' dir='ltr'><strong>contra</strong></span> 
     </span>
     <span class='ocr_line' id='line_1_7' title="bbox 343 970 964 1036; baseline -0.005 -14"><span class='ocrx_word' id='word_1_13' title='bbox 343 972 462 1023; x_wconf 88' lang='lat' dir='ltr'><strong>illos</strong></span> <span class='ocrx_word' id='word_1_14' title='bbox 497 974 585 1036; x_wconf 88' lang='lat' dir='ltr'><strong>qui</strong></span> <span class='ocrx_word' id='word_1_15' title='bbox 627 972 764 1033; x_wconf 83' lang='lat' dir='ltr'><strong>regis</strong></span> <span class='ocrx_word' id='word_1_16' title='bbox 803 970 964 1033; x_wconf 87' lang='lat' dir='ltr'><strong>iniqui</strong></span> 
     </span>
     <span class='ocr_line' id='line_1_8' title="bbox 343 1035 966 1099; baseline -0.006 -10"><span class='ocrx_word' id='word_1_17' title='bbox 343 1038 570 1089; x_wconf 69' lang='lat' dir='ltr'><strong>fautoroe</strong></span> <span class='ocrx_word' id='word_1_18' title='bbox 630 1036 791 1099; x_wconf 88' lang='lat' dir='ltr'><strong>iniqui</strong></span> <span class='ocrx_word' id='word_1_19' title='bbox 855 1035 966 1085; x_wconf 84' lang='lat' dir='ltr'><strong>sue-</strong></span> 
     </span>
     <span class='ocr_line' id='line_1_9' title="bbox 345 1100 966 1166; baseline -0.006 -13"><span class='ocrx_word' id='word_1_20' title='bbox 345 1111 482 1163; x_wconf 83' lang='lat' dir='ltr'><strong>runt,</strong></span> <span class='ocrx_word' id='word_1_21' title='bbox 520 1118 738 1166; x_wconf 87' lang='lat' dir='ltr'><strong>quorum</strong></span> <span class='ocrx_word' id='word_1_22' title='bbox 784 1100 966 1151; x_wconf 85' lang='lat' dir='ltr'><strong>Simon</strong></span> 
     </span>
     <span class='ocr_line' id='line_1_10' title="bbox 346 1168 966 1230; baseline -0.006 -11"><span class='ocrx_word' id='word_1_23' title='bbox 346 1172 414 1219; x_wconf 90' lang='lat' dir='ltr'><strong>de</strong></span> <span class='ocrx_word' id='word_1_24' title='bbox 449 1169 608 1219; x_wconf 84' lang='lat' dir='ltr'><strong>Burle</strong></span> <span class='ocrx_word' id='word_1_25' title='bbox 640 1168 805 1230; x_wconf 86' lang='lat' dir='ltr'><strong>miles,</strong></span> <span class='ocrx_word' id='word_1_26' title='bbox 843 1172 966 1215; x_wconf 86' lang='lat' dir='ltr'><strong>tunc</strong></span> 
     </span>
     <span class='ocr_line' id='line_1_11' title="bbox 343 1232 966 1298; baseline -0.011 -12"><span class='ocrx_word' id='word_1_27' title='bbox 343 1236 482 1298; x_wconf 83' lang='lat' dir='ltr'><strong>regis</strong></span> <span class='ocrx_word' id='word_1_28' title='bbox 523 1232 865 1293; x_wconf 77' lang='lat' dir='ltr'><strong>Camerarius,</strong></span> <span class='ocrx_word' id='word_1_29' title='bbox 913 1232 966 1280; x_wconf 90' lang='lat' dir='ltr'><strong>in</strong></span> 
     </span>
     <span class='ocr_line' id='line_1_12' title="bbox 343 1299 964 1352; baseline -0.01 -1"><span class='ocrx_word' id='word_1_30' title='bbox 343 1302 530 1352; x_wconf 88' lang='lat' dir='ltr'><strong>iudicio</strong></span> <span class='ocrx_word' id='word_1_31' title='bbox 543 1299 813 1349; x_wconf 85' lang='lat' dir='ltr'><strong>conuictus</strong></span> <span class='ocrx_word' id='word_1_32' title='bbox 829 1312 964 1346; x_wconf 90' lang='lat' dir='ltr'><strong>mor-</strong></span> 
     </span>
     <span class='ocr_line' id='line_1_13' title="bbox 342 1360 962 1418; baseline -0.008 -1"><span class='ocrx_word' id='word_1_33' title='bbox 342 1368 411 1418; x_wconf 90' lang='lat' dir='ltr'><strong>tis</strong></span> <span class='ocrx_word' id='word_1_34' title='bbox 443 1365 710 1416; x_wconf 76' lang='lat' dir='ltr'>sentencia</span> <span class='ocrx_word' id='word_1_35' title='bbox 744 1360 962 1413; x_wconf 78' lang='lat' dir='ltr'><strong>decolla-</strong></span> 
     </span>
     <span class='ocr_line' id='line_1_14' title="bbox 341 1437 554 1484; baseline -0.005 0"><span class='ocrx_word' id='word_1_36' title='bbox 341 1440 431 1484; x_wconf 87' lang='lat' dir='ltr'><strong>tus</strong></span> <span class='ocrx_word' id='word_1_37' title='bbox 454 1437 554 1483; x_wconf 84' lang='lat' dir='ltr'><strong>est.</strong></span> 
     </span>
    </p>
   </div>
   <div class='ocr_carea' id='block_1_4' title="bbox 338 1517 966 2048">
    <p class='ocr_par' dir='ltr' id='par_1_4' title="bbox 338 1517 966 2048">
     <span class='ocr_line' id='line_1_15' title="bbox 405 1517 964 1585; baseline -0.016 -9"><span class='ocrx_word' id='word_1_38' title='bbox 405 1522 647 1585; x_wconf 75' lang='lat' dir='ltr'><strong>Qualiter</strong></span> <span class='ocrx_word' id='word_1_39' title='bbox 683 1519 840 1570; x_wconf 84' lang='lat' dir='ltr'><strong>etiam</strong></span> <span class='ocrx_word' id='word_1_40' title='bbox 879 1517 964 1567; x_wconf 88' lang='lat'><strong>10·</strong></span> 
     </span>
     <span class='ocr_line' id='line_1_16' title="bbox 341 1585 966 1647; baseline -0.013 -7"><span class='ocrx_word' id='word_1_41' title='bbox 341 1591 544 1640; x_wconf 79' lang='lat' dir='ltr'><strong>hannes</strong></span> <span class='ocrx_word' id='word_1_42' title='bbox 633 1585 966 1647; x_wconf 82' lang='lat' dir='ltr'><strong>Beauchamp</strong></span> 
     </span>
     <span class='ocr_line' id='line_1_17' title="bbox 341 1651 964 1719; baseline -0.013 -14"><span class='ocrx_word' id='word_1_43' title='bbox 341 1656 507 1719; x_wconf 83' lang='lat' dir='ltr'><strong>miles,</strong></span> <span class='ocrx_word' id='word_1_44' title='bbox 541 1662 667 1704; x_wconf 86' lang='lat' dir='ltr'><strong>tunc</strong></span> <span class='ocrx_word' id='word_1_45' title='bbox 697 1652 836 1712; x_wconf 80' lang='lat' dir='ltr'><strong>regis</strong></span> <span class='ocrx_word' id='word_1_46' title='bbox 870 1651 964 1699; x_wconf 86' lang='lat' dir='ltr'><strong>ho-</strong></span> 
     </span>
     <span class='ocr_line' id='line_1_18' title="bbox 339 1715 958 1783; baseline -0.01 -13"><span class='ocrx_word' id='word_1_47' title='bbox 339 1722 492 1783; x_wconf 81' lang='lat' dir='ltr'><strong>spicii</strong></span> <span class='ocrx_word' id='word_1_48' title='bbox 607 1715 958 1773; x_wconf 74' lang='lat' dir='ltr'><strong>Senescallus,</strong></span> 
     </span>
     <span class='ocr_line' id='line_1_19' title="bbox 340 1782 960 1850; baseline -0.008 -14"><span class='ocrx_word' id='word_1_49' title='bbox 340 1802 495 1850; x_wconf 89' lang='lat' dir='ltr'><strong>quem</strong></span> <span class='ocrx_word' id='word_1_50' title='bbox 551 1800 646 1835; x_wconf 68' lang='lat' dir='ltr'><strong>ren</strong></span> <span class='ocrx_word' id='word_1_51' title='bbox 701 1782 960 1831; x_wconf 76' lang='lat' dir='ltr'><strong>Batonem</strong></span> 
     </span>
     <span class='ocr_line' id='line_1_20' title="bbox 341 1847 959 1913; baseline -0.015 -11"><span class='ocrx_word' id='word_1_52' title='bbox 341 1855 408 1902; x_wconf 87' lang='lat' dir='ltr'><strong>de</strong></span> <span class='ocrx_word' id='word_1_53' title='bbox 427 1849 776 1913; x_wconf 78' lang='lat' dir='ltr'><strong>Briggenorth</strong></span> <span class='ocrx_word' id='word_1_54' title='bbox 784 1847 959 1895; x_wconf 86' lang='lat' dir='ltr'><strong>vocari</strong></span> 
     </span>
     <span class='ocr_line' id='line_1_21' title="bbox 341 1914 960 1977; baseline -0.015 -9"><span class='ocrx_word' id='word_1_55' title='bbox 341 1918 624 1977; x_wconf 85' lang='lat' dir='ltr'><strong>constituit,</strong></span> <span class='ocrx_word' id='word_1_56' title='bbox 656 1914 848 1963; x_wconf 81' lang='lat' dir='ltr'><strong>amisso</strong></span> <span class='ocrx_word' id='word_1_57' title='bbox 877 1928 960 1961; x_wconf 88' lang='lat' dir='ltr'><strong>ca-</strong></span> 
     </span>
     <span class='ocr_line' id='line_1_22' title="bbox 338 1979 962 2048; baseline -0.01 -13"><span class='ocrx_word' id='word_1_58' title='bbox 338 1985 448 2048; x_wconf 75' lang='lat' dir='ltr'><strong>pite</strong></span> <span class='ocrx_word' id='word_1_59' title='bbox 469 1985 536 2033; x_wconf 89' lang='lat' dir='ltr'><strong>de</strong></span> <span class='ocrx_word' id='word_1_60' title='bbox 554 1981 712 2033; x_wconf 83' lang='lat' dir='ltr'><strong>Curia</strong></span> <span class='ocrx_word' id='word_1_61' title='bbox 727 1979 962 2029; x_wconf 82' lang='lat' dir='ltr'><strong>recessit.</strong></span> 
     </span>
    </p>
   </div>
   <div class='ocr_carea' id='block_1_5' title="bbox 339 2338 962 2797">
    <p class='ocr_par' dir='ltr' id='par_1_5' title="bbox 339 2338 962 2797">
     <span class='ocr_line' id='line_1_23' title="bbox 405 2338 962 2403; baseline -0.009 -11"><span class='ocrx_word' id='word_1_62' title='bbox 405 2341 641 2403; x_wconf 73' lang='lat' dir='ltr'><strong>Qualiter</strong></span> <span class='ocrx_word' id='word_1_63' title='bbox 679 2338 962 2389; x_wconf 80' lang='lat' dir='ltr'><strong>Nieholaus</strong></span> 
     </span>
     <span class='ocr_line' id='line_1_24' title="bbox 343 2406 961 2469; baseline -0.006 -12"><span class='ocrx_word' id='word_1_64' title='bbox 343 2406 602 2469; x_wconf 89' lang='lat' dir='ltr'><strong>Brembel‚</strong></span> <span class='ocrx_word' id='word_1_65' title='bbox 623 2406 712 2468; x_wconf 88' lang='lat' dir='ltr'><strong>qui</strong></span> <span class='ocrx_word' id='word_1_66' title='bbox 746 2406 874 2453; x_wconf 88' lang='lat' dir='ltr'><strong>ciuis</strong></span> <span class='ocrx_word' id='word_1_67' title='bbox 907 2412 961 2454; x_wconf 89' lang='lat' dir='ltr'><strong>et</strong></span> 
     </span>
     <span class='ocr_line' id='line_1_25' title="bbox 339 2470 962 2522; baseline -0.003 0"><span class='ocrx_word' id='word_1_68' title='bbox 339 2472 509 2522; x_wconf 73' lang='lat' dir='ltr'><strong>Maior</strong></span> <span class='ocrx_word' id='word_1_69' title='bbox 577 2470 962 2521; x_wconf 84' lang='lat' dir='ltr'><strong>Londoniarum</strong></span> 
     </span>
     <span class='ocr_line' id='line_1_26' title="bbox 341 2537 958 2599; baseline -0.003 -13"><span class='ocrx_word' id='word_1_70' title='bbox 341 2539 526 2599; x_wconf 80' lang='lat' dir='ltr'><strong>suerat,</strong></span> <span class='ocrx_word' id='word_1_71' title='bbox 548 2538 616 2587; x_wconf 80' lang='lat' dir='ltr'><strong>ad</strong></span> <span class='ocrx_word' id='word_1_72' title='bbox 637 2537 807 2586; x_wconf 79' lang='lat' dir='ltr'><strong>furcas</strong></span> <span class='ocrx_word' id='word_1_73' title='bbox 829 2544 958 2585; x_wconf 78' lang='lat' dir='ltr'><strong>trac·</strong></span> 
     </span>
     <span class='ocr_line' id='line_1_27' title="bbox 339 2603 962 2663; baseline -0.008 -9"><span class='ocrx_word' id='word_1_74' title='bbox 339 2613 426 2654; x_wconf 88' lang='lat' dir='ltr'><strong>tus</strong></span> <span class='ocrx_word' id='word_1_75' title='bbox 469 2611 523 2653; x_wconf 88' lang='lat' dir='ltr'><strong>et</strong></span> <span class='ocrx_word' id='word_1_76' title='bbox 569 2603 636 2651; x_wconf 93' lang='lat' dir='ltr'><strong>ibi</strong></span> <span class='ocrx_word' id='word_1_77' title='bbox 674 2616 962 2663; x_wconf 87' lang='lat' dir='ltr'><strong>suspensus</strong></span> 
     </span>
     <span class='ocr_line' id='line_1_28' title="bbox 339 2668 958 2719; baseline -0.005 0"><span class='ocrx_word' id='word_1_78' title='bbox 339 2685 484 2719; x_wconf 87' lang='lat' dir='ltr'><strong>suam</strong></span> <span class='ocrx_word' id='word_1_79' title='bbox 507 2668 645 2717; x_wconf 83' lang='lat' dir='ltr'><strong>vrbis</strong></span> <span class='ocrx_word' id='word_1_80' title='bbox 667 2668 958 2717; x_wconf 79' lang='lat' dir='ltr'><strong>libertatem</strong></span> 
     </span>
     <span class='ocr_line' id='line_1_29' title="bbox 341 2734 774 2797; baseline -0.005 -13"><span class='ocrx_word' id='word_1_81' title='bbox 341 2737 563 2797; x_wconf 83' lang='lat' dir='ltr'><strong>turpiter</strong></span> <span class='ocrx_word' id='word_1_82' title='bbox 585 2734 774 2783; x_wconf 84' lang='lat' dir='ltr'><strong>amisit.</strong></span> 
     </span>
    </p>
   </div>
   <div class='ocr_carea' id='block_1_6' title="bbox 331 2924 958 3436">
    <p class='ocr_par' dir='ltr' id='par_1_6' title="bbox 331 2924 958 3436">
     <span class='ocr_line' id='line_1_30' title="bbox 401 2924 958 2989; baseline -0.007 -11"><span class='ocrx_word' id='word_1_83' title='bbox 401 2926 640 2989; x_wconf 75' lang='lat' dir='ltr'><strong>Qualiter</strong></span> <span class='ocrx_word' id='word_1_84' title='bbox 659 2926 823 2975; x_wconf 79' lang='lat' dir='ltr'><strong>eciam</strong></span> <span class='ocrx_word' id='word_1_85' title='bbox 853 2924 958 2975; x_wconf 91' lang='lat' dir='ltr'><strong>Ro·</strong></span> 
     </span>
     <span class='ocr_line' id='line_1_31' title="bbox 333 2990 956 3053; baseline -0.006 -9"><span class='ocrx_word' id='word_1_86' title='bbox 333 2992 510 3043; x_wconf 86' lang='lat' dir='ltr'><strong>bertus</strong></span> <span class='ocrx_word' id='word_1_87' title='bbox 523 2991 774 3042; x_wconf 83' lang='lat' dir='ltr'><strong>Tresilian</strong></span> <span class='ocrx_word' id='word_1_88' title='bbox 791 2990 956 3053; x_wconf 61' lang='lat' dir='ltr'><strong>mila,</strong></span> 
     </span>
     <span class='ocr_line' id='line_1_32' title="bbox 333 3057 956 3123; baseline -0.005 -15"><span class='ocrx_word' id='word_1_89' title='bbox 333 3061 420 3123; x_wconf 87' lang='lat' dir='ltr'><strong>qui</strong></span> <span class='ocrx_word' id='word_1_90' title='bbox 476 3066 602 3110; x_wconf 86' lang='lat' dir='ltr'><strong>tunc</strong></span> <span class='ocrx_word' id='word_1_91' title='bbox 656 3059 721 3106; x_wconf 91' lang='lat' dir='ltr'><strong>de</strong></span> <span class='ocrx_word' id='word_1_92' title='bbox 778 3057 956 3106; x_wconf 84' lang='lat' dir='ltr'><strong>Banco</strong></span> 
     </span>
     <span class='ocr_line' id='line_1_33' title="bbox 333 3122 956 3187; baseline -0.008 -12"><span class='ocrx_word' id='word_1_93' title='bbox 333 3126 470 3187; x_wconf 81' lang='lat' dir='ltr'><strong>regis</strong></span> <span class='ocrx_word' id='word_1_94' title='bbox 520 3125 674 3174; x_wconf 81' lang='lat' dir='ltr'><strong>iudex</strong></span> <span class='ocrx_word' id='word_1_95' title='bbox 724 3122 956 3185; x_wconf 82' lang='lat' dir='ltr'><strong>capitalis</strong></span> 
     </span>
     <span class='ocr_line' id='line_1_34' title="bbox 333 3188 954 3249; baseline -0.006 -10"><span class='ocrx_word' id='word_1_96' title='bbox 333 3191 522 3249; x_wconf 82' lang='lat' dir='ltr'><strong>extitit,</strong></span> <span class='ocrx_word' id='word_1_97' title='bbox 539 3192 636 3239; x_wconf 87' lang='lat' dir='ltr'><strong>sub</strong></span> <span class='ocrx_word' id='word_1_98' title='bbox 654 3190 838 3238; x_wconf 85' lang='lat' dir='ltr'><strong>eadem</strong></span> <span class='ocrx_word' id='word_1_99' title='bbox 853 3188 954 3236; x_wconf 81' lang='lat' dir='ltr'><strong>fur·</strong></span> 
     </span>
     <span class='ocr_line' id='line_1_35' title="bbox 332 3254 955 3317; baseline -0.003 -12"><span class='ocrx_word' id='word_1_100' title='bbox 332 3270 505 3305; x_wconf 77' lang='lat' dir='ltr'><strong>carum</strong></span> <span class='ocrx_word' id='word_1_101' title='bbox 529 3270 662 3317; x_wconf 87' lang='lat' dir='ltr'><strong>pena</strong></span> <span class='ocrx_word' id='word_1_102' title='bbox 688 3256 826 3303; x_wconf 90' lang='lat' dir='ltr'><strong>diem</strong></span> <span class='ocrx_word' id='word_1_103' title='bbox 847 3254 955 3303; x_wconf 87' lang='lat' dir='ltr'><strong>vite</strong></span> 
     </span>
     <span class='ocr_line' id='line_1_36' title="bbox 331 3319 955 3371; baseline -0.002 -1"><span class='ocrx_word' id='word_1_104' title='bbox 331 3337 426 3371; x_wconf 88' lang='lat' dir='ltr'><strong>sue</strong></span> <span class='ocrx_word' id='word_1_105' title='bbox 445 3320 755 3369; x_wconf 82' lang='lat' dir='ltr'><strong>iudicialiter</strong></span> <span class='ocrx_word' id='word_1_106' title='bbox 772 3319 955 3370; x_wconf 80' lang='lat' dir='ltr'><strong>clausit</strong></span> 
     </span>
     <span class='ocr_line' id='line_1_37' title="bbox 335 3393 638 3436; baseline 0 -1"><span class='ocrx_word' id='word_1_107' title='bbox 335 3393 638 3436; x_wconf 85' lang='lat' dir='ltr'><strong>extremum.</strong></span> 
     </span>
    </p>
   </div>
   <div class='ocr_carea' id='block_1_7' title="bbox 325 3914 952 4243">
    <p class='ocr_par' dir='ltr' id='par_1_7' title="bbox 325 3914 952 4243">
     <span class='ocr_line' id='line_1_38' title="bbox 397 3914 951 3979; baseline -0.007 -12"><span class='ocrx_word' id='word_1_108' title='bbox 397 3915 831 3979; x_wconf 79' lang='lat' dir='ltr'><strong>Qualiteriudices</strong></span> <span class='ocrx_word' id='word_1_109' title='bbox 843 3914 951 3978; x_wconf 79' lang='lat' dir='ltr'><strong>alii,</strong></span> 
     </span>
     <span class='ocr_line' id='line_1_39' title="bbox 329 3980 952 4046; baseline -0.005 -14"><span class='ocrx_word' id='word_1_110' title='bbox 329 3984 418 4046; x_wconf 89' lang='lat' dir='ltr'><strong>qui</strong></span> <span class='ocrx_word' id='word_1_111' title='bbox 473 3980 750 4045; x_wconf 78' lang='lat' dir='ltr'><strong>originales</strong></span> <span class='ocrx_word' id='word_1_112' title='bbox 810 3981 952 4041; x_wconf 81' lang='lat' dir='ltr'><strong>regis</strong></span> 
     </span>
     <span class='ocr_line' id='line_1_40' title="bbox 329 4045 950 4109; baseline -0.008 -10"><span class='ocrx_word' id='word_1_113' title='bbox 329 4064 591 4109; x_wconf 87' lang='lat' dir='ltr'><strong>excessus,</strong></span> <span class='ocrx_word' id='word_1_114' title='bbox 605 4054 661 4096; x_wconf 84' lang='lat' dir='ltr'><strong>vt</strong></span> <span class='ocrx_word' id='word_1_115' title='bbox 676 4045 950 4109; x_wconf 78' lang='lat' dir='ltr'><strong>prefertur,</strong></span> 
     </span>
     <span class='ocr_line' id='line_1_41' title="bbox 327 4114 950 4177; baseline -0.005 -14"><span class='ocrx_word' id='word_1_116' title='bbox 327 4114 512 4177; x_wconf 81' lang='lat' dir='ltr'><strong>sigillis</strong></span> <span class='ocrx_word' id='word_1_117' title='bbox 525 4114 819 4163; x_wconf 83' lang='lat' dir='ltr'><strong>suiscontra</strong></span> <span class='ocrx_word' id='word_1_118' title='bbox 833 4126 950 4175; x_wconf 88' lang='lat' dir='ltr'><strong>pro-</strong></span> 
     </span>
     <span class='ocr_line' id='line_1_42' title="bbox 325 4176 950 4243; baseline -0.008 -12"><span class='ocrx_word' id='word_1_119' title='bbox 325 4195 473 4231; x_wconf 79' lang='lat' dir='ltr'><strong>ceres</strong></span> <span class='ocrx_word' id='word_1_120' title='bbox 515 4180 836 4243; x_wconf 75' lang='lat' dir='ltr'><strong>roborarunt,</strong></span> <span class='ocrx_word' id='word_1_121' title='bbox 883 4176 950 4227; x_wconf 79' lang='lat' dir='ltr'><strong>ad</strong></span> 
     </span>
    </p>
   </div>
   <div class='ocr_carea' id='block_1_8' title="bbox 973 4320 1817 4460">
    <p class='ocr_par' dir='ltr' id='par_1_8' title="bbox 973 4320 1817 4460">
     <span class='ocr_line' id='line_1_43' title="bbox 1043 4320 1817 4382; baseline 0.001 -13"><span class='ocrx_word' id='word_1_122' title='bbox 1043 4333 1136 4381; x_wconf 86' lang='lat'><strong>141</strong></span> <span class='ocrx_word' id='word_1_123' title='bbox 1174 4320 1378 4382; x_wconf 57' lang='lat' dir='ltr'><strong>margin</strong></span> <span class='ocrx_word' id='word_1_124' title='bbox 1411 4320 1604 4369; x_wconf 89' lang='lat' dir='ltr'><strong>Burlee</strong></span> <span class='ocrx_word' id='word_1_125' title='bbox 1635 4320 1817 4370; x_wconf 74' lang='lat' dir='ltr'><strong>CHH·</strong></span> 
     </span>
     <span class='ocr_line' id='line_1_44' title="bbox 973 4396 1365 4460; baseline -0.005 -14"><span class='ocrx_word' id='word_1_126' title='bbox 973 4396 1165 4460; x_wconf 77' lang='lat' dir='ltr'><strong>iniquis</strong></span> <span class='ocrx_word' id='word_1_127' title='bbox 1185 4396 1283 4447; x_wconf 83' lang='lat' dir='ltr'><strong>CH</strong></span> <span class='ocrx_word' id='word_1_128' title='bbox 1292 4396 1365 4447; x_wconf 74' lang='lat' dir='ltr'><strong>Hs</strong></span> 
     </span>
    </p>
   </div>
   <div class='ocr_carea' id='block_1_9' title="bbox 1563 412 2623 481">
    <p class='ocr_par' dir='ltr' id='par_1_9' title="bbox 1563 412 2623 481">
     <span class='ocr_line' id='line_1_45' title="bbox 1563 412 2623 481; baseline -0.002 0"><span class='ocrx_word' id='word_1_129' title='bbox 1563 414 1987 481; x_wconf 90' lang='lat' dir='ltr'><strong>CRONICA</strong></span> <span class='ocrx_word' id='word_1_130' title='bbox 2040 412 2623 479; x_wconf 85' lang='lat' dir='ltr'><strong>TRIPERTITA</strong></span> 
     </span>
    </p>
   </div>
   <div class='ocr_carea' id='block_1_10' title="bbox 1135 572 2943 4272">
    <p class='ocr_par' dir='ltr' id='par_1_10' title="bbox 1157 572 2765 751">
     <span class='ocr_line' id='line_1_46' title="bbox 1157 572 2765 652; baseline -0.002 -16"><span class='ocrx_word' id='word_1_131' title='bbox 1157 576 1254 637; x_wconf 91' lang='lat' dir='ltr'><strong>De</strong></span> <span class='ocrx_word' id='word_1_132' title='bbox 1291 586 1444 636; x_wconf 88' lang='lat' dir='ltr'><strong>terra</strong></span> <span class='ocrx_word' id='word_1_133' title='bbox 1483 573 1712 652; x_wconf 85' lang='lat' dir='ltr'><strong>dempti</strong></span> <span class='ocrx_word' id='word_1_134' title='bbox 1753 574 1839 635; x_wconf 91' lang='lat' dir='ltr'><strong>sic</strong></span> <span class='ocrx_word' id='word_1_135' title='bbox 1880 584 2035 648; x_wconf 90' lang='lat' dir='ltr'><strong>sunt,</strong></span> <span class='ocrx_word' id='word_1_136' title='bbox 2078 592 2205 634; x_wconf 90' lang='lat' dir='ltr'><strong>non</strong></span> <span class='ocrx_word' id='word_1_137' title='bbox 2244 594 2389 634; x_wconf 89' lang='lat' dir='ltr'><strong>ense</strong></span> <span class='ocrx_word' id='word_1_138' title='bbox 2430 572 2721 652; x_wconf 86' lang='lat' dir='ltr'><strong>perempti</strong></span> <span class='ocrx_word' id='word_1_139' title='bbox 2746 595 2765 649; x_wconf 89' lang='lat'>;</span> 
     </span>
     <span class='ocr_line' id='line_1_47' title="bbox 1157 671 2485 751; baseline -0.003 -16"><span class='ocrx_word' id='word_1_140' title='bbox 1157 676 1266 735; x_wconf 87' lang='lat' dir='ltr'><strong>Est</strong></span> <span class='ocrx_word' id='word_1_141' title='bbox 1303 672 1388 733; x_wconf 89' lang='lat' dir='ltr'><strong>ita</strong></span> <span class='ocrx_word' id='word_1_142' title='bbox 1427 672 1611 735; x_wconf 90' lang='lat' dir='ltr'><strong>dilata</strong></span> <span class='ocrx_word' id='word_1_143' title='bbox 1649 690 1961 751; x_wconf 90' lang='lat' dir='ltr'><strong>procerum</strong></span> <span class='ocrx_word' id='word_1_144' title='bbox 2004 671 2310 733; x_wconf 78' lang='lat' dir='ltr'><strong>sentencia</strong></span> <span class='ocrx_word' id='word_1_145' title='bbox 2350 672 2485 731; x_wconf 84' lang='lat' dir='ltr'><strong>lata.</strong></span> 
     </span>
    </p>

    <p class='ocr_par' dir='ltr' id='par_1_11' title="bbox 1151 768 2871 1337">
     <span class='ocr_line' id='line_1_48' title="bbox 1235 768 2765 849; baseline -0.003 -17"><span class='ocrx_word' id='word_1_146' title='bbox 1235 774 1379 832; x_wconf 89' lang='lat' dir='ltr'><strong>Hoc</strong></span> <span class='ocrx_word' id='word_1_147' title='bbox 1419 772 1578 831; x_wconf 87' lang='lat' dir='ltr'><strong>facto</strong></span> <span class='ocrx_word' id='word_1_148' title='bbox 1619 781 1878 849; x_wconf 90' lang='lat' dir='ltr'><strong>querunt</strong></span> <span class='ocrx_word' id='word_1_149' title='bbox 1919 769 2085 843; x_wconf 87' lang='lat' dir='ltr'><strong>alios,</strong></span> <span class='ocrx_word' id='word_1_150' title='bbox 2130 768 2235 847; x_wconf 92' lang='lat' dir='ltr'><strong>qui</strong></span> <span class='ocrx_word' id='word_1_151' title='bbox 2274 780 2421 829; x_wconf 86' lang='lat' dir='ltr'><strong>tunc</strong></span> <span class='ocrx_word' id='word_1_152' title='bbox 2448 770 2765 842; x_wconf 89' lang='lat' dir='ltr'><strong>latuerunt,</strong></span> 
     </span>
     <span class='ocr_line' id='line_1_49' title="bbox 1151 866 2551 947; baseline -0.003 -17"><span class='ocrx_word' id='word_1_153' title='bbox 1151 870 1429 945; x_wconf 87' lang='lat' dir='ltr'><strong>Quorum</strong></span> <span class='ocrx_word' id='word_1_154' title='bbox 1468 868 1678 947; x_wconf 81' lang='lat' dir='ltr'><strong>regalis</strong></span> <span class='ocrx_word' id='word_1_155' title='bbox 1720 868 2094 930; x_wconf 76' lang='lat' dir='ltr'><strong>Camerarius</strong></span> <span class='ocrx_word' id='word_1_156' title='bbox 2134 878 2227 929; x_wconf 90' lang='lat' dir='ltr'><strong>est</strong></span> <span class='ocrx_word' id='word_1_157' title='bbox 2264 866 2551 945; x_wconf 87' lang='lat' dir='ltr'><strong>capitalis.</strong></span> 
     </span>
     <span class='ocr_line' id='line_1_50' title="bbox 1151 964 2486 1044; baseline -0.003 -15"><span class='ocrx_word' id='word_1_158' title='bbox 1151 966 1390 1029; x_wconf 89' lang='lat' dir='ltr'><strong>Corruit</strong></span> <span class='ocrx_word' id='word_1_159' title='bbox 1427 966 1492 1026; x_wconf 90' lang='lat' dir='ltr'><strong>in</strong></span> <span class='ocrx_word' id='word_1_160' title='bbox 1531 968 1654 1025; x_wconf 83' lang='lat' dir='ltr'><strong>fata</strong></span> <span class='ocrx_word' id='word_1_161' title='bbox 1691 964 1873 1044; x_wconf 83' lang='lat' dir='ltr'><strong>gladii</strong></span> <span class='ocrx_word' id='word_1_162' title='bbox 1912 964 2092 1026; x_wconf 83' lang='lat' dir='ltr'><strong>vestis</strong></span> <span class='ocrx_word' id='word_1_163' title='bbox 2133 968 2486 1044; x_wconf 82' lang='lat' dir='ltr'><strong>stragulata3</strong></span> 
     </span>
     <span class='ocr_line' id='line_1_51' title="bbox 1153 1062 2871 1142; baseline -0.001 -19"><span class='ocrx_word' id='word_1_164' title='bbox 1153 1064 1282 1124; x_wconf 87' lang='lat' dir='ltr'><strong>Stat</strong></span> <span class='ocrx_word' id='word_1_165' title='bbox 1321 1062 1463 1142; x_wconf 86' lang='lat' dir='ltr'><strong>quia</strong></span> <span class='ocrx_word' id='word_1_166' title='bbox 1503 1082 1628 1124; x_wconf 89' lang='lat' dir='ltr'><strong>non</strong></span> <span class='ocrx_word' id='word_1_167' title='bbox 1667 1074 1845 1137; x_wconf 88' lang='lat' dir='ltr'><strong>recta,</strong></span> <span class='ocrx_word' id='word_1_168' title='bbox 1892 1062 2077 1141; x_wconf 83' lang='lat' dir='ltr'><strong>magis</strong></span> <span class='ocrx_word' id='word_1_169' title='bbox 2119 1074 2210 1123; x_wconf 89' lang='lat' dir='ltr'><strong>est</strong></span> <span class='ocrx_word' id='word_1_170' title='bbox 2250 1063 2551 1141; x_wconf 86' lang='lat' dir='ltr'><strong>culpanda</strong></span> <span class='ocrx_word' id='word_1_171' title='bbox 2590 1072 2871 1124; x_wconf 78' lang='lat' dir='ltr'><strong>senecta:</strong></span> 
     </span>
     <span class='ocr_line' id='line_1_52' title="bbox 1155 1159 2704 1239; baseline -0.001 -18"><span class='ocrx_word' id='word_1_172' title='bbox 1155 1160 1428 1221; x_wconf 80' lang='lat' dir='ltr'><strong>Lacrima</strong></span> <span class='ocrx_word' id='word_1_173' title='bbox 1469 1160 1701 1239; x_wconf 84' lang='lat' dir='ltr'><strong>Regine</strong></span> <span class='ocrx_word' id='word_1_174' title='bbox 1742 1163 1889 1223; x_wconf 91' lang='lat' dir='ltr'><strong>dum</strong></span> <span class='ocrx_word' id='word_1_175' title='bbox 1930 1159 2124 1239; x_wconf 86' lang='lat' dir='ltr'><strong>poscit</strong></span> <span class='ocrx_word' id='word_1_176' title='bbox 2164 1180 2345 1239; x_wconf 87' lang='lat' dir='ltr'><strong>opem</strong></span> <span class='ocrx_word' id='word_1_177' title='bbox 2388 1160 2704 1234; x_wconf 88' lang='lat' dir='ltr'><strong>medicine,</strong></span> 
     </span>
     <span class='ocr_line' id='line_1_53' title="bbox 1153 1257 2633 1337; baseline -0.001 -17"><span class='ocrx_word' id='word_1_178' title='bbox 1153 1258 1422 1320; x_wconf 88' lang='lat' dir='ltr'><strong>Obrutus</strong></span> <span class='ocrx_word' id='word_1_179' title='bbox 1461 1257 1680 1319; x_wconf 86' lang='lat' dir='ltr'><strong>amittit</strong></span> <span class='ocrx_word' id='word_1_180' title='bbox 1717 1269 1901 1337; x_wconf 88' lang='lat' dir='ltr'><strong>caput</strong></span> <span class='ocrx_word' id='word_1_181' title='bbox 1940 1268 2001 1319; x_wconf 88' lang='lat' dir='ltr'><strong>et</strong></span> <span class='ocrx_word' id='word_1_182' title='bbox 2041 1276 2149 1319; x_wconf 89' lang='lat' dir='ltr'><strong>sua</strong></span> <span class='ocrx_word' id='word_1_183' title='bbox 2188 1260 2397 1320; x_wconf 86' lang='lat' dir='ltr'><strong>funera</strong></span> <span class='ocrx_word' id='word_1_184' title='bbox 2438 1258 2633 1319; x_wconf 85' lang='lat' dir='ltr'><strong>mittit.</strong></span> 
     </span>
    </p>

    <p class='ocr_par' dir='ltr' id='par_1_12' title="bbox 1145 1355 2943 2314">
     <span class='ocr_line' id='line_1_54' title="bbox 1233 1355 2651 1430; baseline -0.001 -13"><span class='ocrx_word' id='word_1_185' title='bbox 1233 1358 1394 1417; x_wconf 90' lang='lat' dir='ltr'><strong>Ecce</strong></span> <span class='ocrx_word' id='word_1_186' title='bbox 1435 1355 1758 1417; x_wconf 77' lang='lat' dir='ltr'><strong>Senesoelli</strong></span> <span class='ocrx_word' id='word_1_187' title='bbox 1797 1376 1920 1417; x_wconf 90' lang='lat' dir='ltr'><strong>non</strong></span> <span class='ocrx_word' id='word_1_188' title='bbox 1962 1366 2195 1416; x_wconf 87' lang='lat' dir='ltr'><strong>tantum</strong></span> <span class='ocrx_word' id='word_1_189' title='bbox 2236 1358 2400 1417; x_wconf 89' lang='lat' dir='ltr'><strong>lucra</strong></span> <span class='ocrx_word' id='word_1_190' title='bbox 2436 1355 2651 1430; x_wconf 86' lang='lat' dir='ltr'><strong>catalli,</strong></span> 
     </span>
     <span class='ocr_line' id='line_1_55' title="bbox 1153 1453 2604 1531; baseline 0 -17"><span class='ocrx_word' id='word_1_191' title='bbox 1153 1455 1293 1531; x_wconf 89' lang='lat' dir='ltr'><strong>Que</strong></span> <span class='ocrx_word' id='word_1_192' title='bbox 1333 1455 1491 1515; x_wconf 86' lang='lat' dir='ltr'><strong>mala</strong></span> <span class='ocrx_word' id='word_1_193' title='bbox 1529 1453 1805 1531; x_wconf 88' lang='lat' dir='ltr'><strong>quesiuit,</strong></span> <span class='ocrx_word' id='word_1_194' title='bbox 1848 1454 2085 1515; x_wconf 89' lang='lat' dir='ltr'><strong>sceleris</strong></span> <span class='ocrx_word' id='word_1_195' title='bbox 2125 1455 2363 1514; x_wconf 88' lang='lat' dir='ltr'><strong>fortuna</strong></span> <span class='ocrx_word' id='word_1_196' title='bbox 2402 1453 2604 1528; x_wconf 85' lang='lat' dir='ltr'><strong>sitiuit,</strong></span> 
     </span>
     <span class='ocr_line' id='line_1_56' title="bbox 1151 1550 2687 1630; baseline 0.001 -18"><span class='ocrx_word' id='word_1_197' title='bbox 1151 1552 1256 1613; x_wconf 90' lang='lat' dir='ltr'><strong>Set</strong></span> <span class='ocrx_word' id='word_1_198' title='bbox 1295 1550 1482 1630; x_wconf 88' lang='lat' dir='ltr'><strong>magis</strong></span> <span class='ocrx_word' id='word_1_199' title='bbox 1521 1550 1584 1611; x_wconf 90' lang='lat' dir='ltr'><strong>in</strong></span> <span class='ocrx_word' id='word_1_200' title='bbox 1627 1562 1881 1613; x_wconf 88' lang='lat' dir='ltr'><strong>mortem</strong></span> <span class='ocrx_word' id='word_1_201' title='bbox 1921 1551 2189 1614; x_wconf 90' lang='lat' dir='ltr'><strong>decreuit</strong></span> <span class='ocrx_word' id='word_1_202' title='bbox 2227 1551 2391 1613; x_wconf 89' lang='lat' dir='ltr'><strong>curia</strong></span> <span class='ocrx_word' id='word_1_203' title='bbox 2428 1564 2687 1613; x_wconf 84' lang='lat' dir='ltr'><strong>sortem:</strong></span> 
     </span>
     <span class='ocr_line' id='line_1_57' title="bbox 1153 1649 2769 1729; baseline 0.001 -20"><span class='ocrx_word' id='word_1_204' title='bbox 1153 1650 1320 1709; x_wconf 89' lang='lat' dir='ltr'><strong>Dum</strong></span> <span class='ocrx_word' id='word_1_205' title='bbox 1359 1660 1538 1729; x_wconf 89' lang='lat' dir='ltr'><strong>caput</strong></span> <span class='ocrx_word' id='word_1_206' title='bbox 1579 1649 1842 1723; x_wconf 89' lang='lat' dir='ltr'><strong>inclinat,</strong></span> <span class='ocrx_word' id='word_1_207' title='bbox 1885 1650 2117 1728; x_wconf 81' lang='lat' dir='ltr'><strong>gladius</strong></span> <span class='ocrx_word' id='word_1_208' title='bbox 2158 1650 2273 1711; x_wconf 87' lang='lat' dir='ltr'><strong>sibi</strong></span> <span class='ocrx_word' id='word_1_209' title='bbox 2313 1650 2439 1711; x_wconf 89' lang='lat' dir='ltr'><strong>iura</strong></span> <span class='ocrx_word' id='word_1_210' title='bbox 2478 1650 2769 1729; x_wconf 87' lang='lat' dir='ltr'><strong>propinat.</strong></span> 
     </span>
     <span class='ocr_line' id='line_1_58' title="bbox 1149 1746 2943 1828; baseline 0.001 -21"><span class='ocrx_word' id='word_1_211' title='bbox 1149 1748 1261 1808; x_wconf 90' lang='lat' dir='ltr'><strong>Ille</strong></span> <span class='ocrx_word' id='word_1_212' title='bbox 1301 1746 1547 1825; x_wconf 89' lang='lat' dir='ltr'><strong>quidem</strong></span> <span class='ocrx_word' id='word_1_213' title='bbox 1590 1746 1851 1825; x_wconf 89' lang='lat' dir='ltr'><strong>Cignum</strong></span> <span class='ocrx_word' id='word_1_214' title='bbox 1892 1748 2178 1826; x_wconf 84' lang='lat' dir='ltr'><strong>despexit,</strong></span> <span class='ocrx_word' id='word_1_215' title='bbox 2222 1750 2577 1827; x_wconf 86' lang='lat' dir='ltr'><strong>Aprumque</strong></span> <span class='ocrx_word' id='word_1_216' title='bbox 2617 1748 2943 1828; x_wconf 86' lang='lat' dir='ltr'><strong>malignum</strong></span> 
     </span>
     <span class='ocr_line' id='line_1_59' title="bbox 1145 1844 2545 1923; baseline 0.001 -18"><span class='ocrx_word' id='word_1_217' title='bbox 1145 1844 1394 1923; x_wconf 88' lang='lat' dir='ltr'><strong>Semper</strong></span> <span class='ocrx_word' id='word_1_218' title='bbox 1432 1844 1716 1920; x_wconf 88' lang='lat' dir='ltr'><strong>laudauit,</strong></span> <span class='ocrx_word' id='word_1_219' title='bbox 1760 1864 1865 1907; x_wconf 91' lang='lat' dir='ltr'><strong>cor</strong></span> <span class='ocrx_word' id='word_1_220' title='bbox 1902 1844 2054 1923; x_wconf 89' lang='lat' dir='ltr'><strong>regis</strong></span> <span class='ocrx_word' id='word_1_221' title='bbox 2095 1856 2156 1908; x_wconf 88' lang='lat' dir='ltr'><strong>et</strong></span> <span class='ocrx_word' id='word_1_222' title='bbox 2195 1845 2545 1920; x_wconf 82' lang='lat' dir='ltr'><strong>insatuauit;</strong></span> 
     </span>
     <span class='ocr_line' id='line_1_60' title="bbox 1151 1942 2688 2022; baseline 0.002 -21"><span class='ocrx_word' id='word_1_223' title='bbox 1151 1942 1368 2017; x_wconf 85' lang='lat' dir='ltr'><strong>Fallax,</strong></span> <span class='ocrx_word' id='word_1_224' title='bbox 1411 1954 1698 2018; x_wconf 86' lang='lat' dir='ltr'><strong>versutus,</strong></span> <span class='ocrx_word' id='word_1_225' title='bbox 1743 1942 1915 2021; x_wconf 87' lang='lat' dir='ltr'><strong>quasi</strong></span> <span class='ocrx_word' id='word_1_226' title='bbox 1952 1942 2146 2022; x_wconf 86' lang='lat' dir='ltr'><strong>vulpis</strong></span> <span class='ocrx_word' id='word_1_227' title='bbox 2186 1945 2394 2005; x_wconf 86' lang='lat' dir='ltr'><strong>fraude</strong></span> <span class='ocrx_word' id='word_1_228' title='bbox 2432 1945 2688 2018; x_wconf 77' lang='lat' dir='ltr'><strong>volutuS,</strong></span> 
     </span>
     <span class='ocr_line' id='line_1_61' title="bbox 1149 2039 2500 2120; baseline 0.001 -20"><span class='ocrx_word' id='word_1_229' title='bbox 1149 2039 1403 2102; x_wconf 87' lang='lat' dir='ltr'><strong>Inuidus</strong></span> <span class='ocrx_word' id='word_1_230' title='bbox 1441 2051 1502 2102; x_wconf 91' lang='lat' dir='ltr'><strong>et</strong></span> <span class='ocrx_word' id='word_1_231' title='bbox 1542 2040 1678 2120; x_wconf 84' lang='lat' dir='ltr'><strong>paci</strong></span> <span class='ocrx_word' id='word_1_232' title='bbox 1715 2040 1919 2120; x_wconf 86' lang='lat' dir='ltr'><strong>lingua</strong></span> <span class='ocrx_word' id='word_1_233' title='bbox 1957 2042 2067 2102; x_wconf 88' lang='lat' dir='ltr'><strong>fuit</strong></span> <span class='ocrx_word' id='word_1_234' title='bbox 2105 2040 2205 2103; x_wconf 92' lang='lat' dir='ltr'><strong>ille</strong></span> <span class='ocrx_word' id='word_1_235' title='bbox 2244 2040 2500 2120; x_wconf 86' lang='lat' dir='ltr'><strong>loquaci.</strong></span> 
     </span>
     <span class='ocr_line' id='line_1_62' title="bbox 1150 2138 2669 2220; baseline 0.001 -23"><span class='ocrx_word' id='word_1_236' title='bbox 1150 2138 1394 2198; x_wconf 89' lang='lat' dir='ltr'><strong>Nomen</strong></span> <span class='ocrx_word' id='word_1_237' title='bbox 1435 2138 1685 2198; x_wconf 88' lang='lat' dir='ltr'><strong>Baronis</strong></span> <span class='ocrx_word' id='word_1_238' title='bbox 1726 2138 1943 2200; x_wconf 87' lang='lat' dir='ltr'><strong>cecidit</strong></span> <span class='ocrx_word' id='word_1_239' title='bbox 1982 2138 2069 2199; x_wconf 89' lang='lat' dir='ltr'><strong>sie</strong></span> <span class='ocrx_word' id='word_1_240' title='bbox 2110 2142 2273 2200; x_wconf 88' lang='lat' dir='ltr'><strong>Pons</strong></span> <span class='ocrx_word' id='word_1_241' title='bbox 2300 2138 2669 2220; x_wconf 49' lang='grc' dir='ltr'><strong>κΑςῃιὶἱοῐιίες</strong></span> 
     </span>
     <span class='ocr_line' id='line_1_63' title="bbox 1151 2235 2643 2314; baseline 0.002 -19"><span class='ocrx_word' id='word_1_242' title='bbox 1151 2236 1294 2296; x_wconf 93' lang='lat' dir='ltr'><strong>Hoc</strong></span> <span class='ocrx_word' id='word_1_243' title='bbox 1333 2254 1434 2296; x_wconf 86' lang='lat' dir='ltr'><strong>rex</strong></span> <span class='ocrx_word' id='word_1_244' title='bbox 1471 2235 1681 2297; x_wconf 84' lang='lat' dir='ltr'><strong>erroris</strong></span> <span class='ocrx_word' id='word_1_245' title='bbox 1722 2235 1924 2314; x_wconf 85' lang='lat' dir='ltr'><strong>posuit</strong></span> <span class='ocrx_word' id='word_1_246' title='bbox 1962 2235 2078 2297; x_wconf 89' lang='lat' dir='ltr'><strong>sibi</strong></span> <span class='ocrx_word' id='word_1_247' title='bbox 2116 2256 2342 2297; x_wconf 89' lang='lat' dir='ltr'><strong>nomen</strong></span> <span class='ocrx_word' id='word_1_248' title='bbox 2382 2237 2643 2298; x_wconf 76' lang='lat' dir='ltr'><strong>honoris·</strong></span> 
     </span>
    </p>

    <p class='ocr_par' dir='ltr' id='par_1_13' title="bbox 1231 2332 2656 2409">
     <span class='ocr_line' id='line_1_64' title="bbox 1231 2332 2656 2409; baseline 0.001 -16"><span class='ocrx_word' id='word_1_249' title='bbox 1231 2332 1429 2393; x_wconf 87' lang='lat' dir='ltr'><strong>Maior</strong></span> <span class='ocrx_word' id='word_1_250' title='bbox 1467 2344 1592 2395; x_wconf 88' lang='lat' dir='ltr'><strong>erat</strong></span> <span class='ocrx_word' id='word_1_251' title='bbox 1630 2333 1786 2408; x_wconf 83' lang='lat' dir='ltr'><strong>ville,</strong></span> <span class='ocrx_word' id='word_1_252' title='bbox 1829 2333 2112 2396; x_wconf 87' lang='lat' dir='ltr'><strong>Tribulus</strong></span> <span class='ocrx_word' id='word_1_253' title='bbox 2153 2334 2349 2397; x_wconf 90' lang='lat' dir='ltr'><strong>dictus</strong></span> <span class='ocrx_word' id='word_1_254' title='bbox 2388 2334 2501 2396; x_wconf 89' lang='lat' dir='ltr'><strong>fuit</strong></span> <span class='ocrx_word' id='word_1_255' title='bbox 2542 2335 2656 2409; x_wconf 91' lang='lat' dir='ltr'><strong>ille,</strong></span> 
     </span>
    </p>

    <p class='ocr_par' dir='ltr' id='par_1_14' title="bbox 1145 2429 2834 2707">
     <span class='ocr_line' id='line_1_65' title="bbox 1149 2429 2834 2511; baseline 0.002 -22"><span class='ocrx_word' id='word_1_256' title='bbox 1149 2429 1274 2506; x_wconf 89' lang='lat' dir='ltr'><strong>Qui</strong></span> <span class='ocrx_word' id='word_1_257' title='bbox 1311 2450 1587 2509; x_wconf 71' lang='lat' dir='ltr'><strong>proceres</strong></span> <span class='ocrx_word' id='word_1_258' title='bbox 1625 2430 1838 2510; x_wconf 87' lang='lat' dir='ltr'><strong>pungit</strong></span> <span class='ocrx_word' id='word_1_259' title='bbox 1878 2432 2151 2511; x_wconf 83' lang='lat' dir='ltr'><strong>regisque</strong></span> <span class='ocrx_word' id='word_1_260' title='bbox 2188 2434 2365 2495; x_wconf 87' lang='lat' dir='ltr'><strong>dolos</strong></span> <span class='ocrx_word' id='word_1_261' title='bbox 2406 2432 2592 2511; x_wconf 84' lang='lat' dir='ltr'><strong>magis</strong></span> <span class='ocrx_word' id='word_1_262' title='bbox 2634 2431 2834 2511; x_wconf 83' lang='lat' dir='ltr'><strong>vngit:</strong></span> 
     </span>
     <span class='ocr_line' id='line_1_66' title="bbox 1146 2527 2776 2608; baseline 0.003 -22"><span class='ocrx_word' id='word_1_263' title='bbox 1146 2529 1337 2587; x_wconf 88' lang='lat' dir='ltr'><strong>Hunc</strong></span> <span class='ocrx_word' id='word_1_264' title='bbox 1376 2527 1548 2605; x_wconf 89' lang='lat' dir='ltr'><strong>quasi</strong></span> <span class='ocrx_word' id='word_1_265' title='bbox 1586 2540 1927 2590; x_wconf 87' lang='lat' dir='ltr'><strong>consortem</strong></span> <span class='ocrx_word' id='word_1_266' title='bbox 1966 2529 2173 2592; x_wconf 85' lang='lat' dir='ltr'><strong>dilexit</strong></span> <span class='ocrx_word' id='word_1_267' title='bbox 2212 2550 2331 2605; x_wconf 86' lang='lat' dir='ltr'><strong>rex,</strong></span> <span class='ocrx_word' id='word_1_268' title='bbox 2374 2530 2517 2608; x_wconf 88' lang='lat' dir='ltr'><strong>quia</strong></span> <span class='ocrx_word' id='word_1_269' title='bbox 2554 2541 2776 2592; x_wconf 88' lang='lat' dir='ltr'><strong>sortem</strong></span> 
     </span>
     <span class='ocr_line' id='line_1_67' title="bbox 1145 2623 2533 2707; baseline 0 -20"><span class='ocrx_word' id='word_1_270' title='bbox 1145 2623 1398 2687; x_wconf 90' lang='lat' dir='ltr'><strong>Consilii</strong></span> <span class='ocrx_word' id='word_1_271' title='bbox 1436 2625 1611 2703; x_wconf 89' lang='lat' dir='ltr'><strong>cepit,</strong></span> <span class='ocrx_word' id='word_1_272' title='bbox 1655 2644 1781 2703; x_wconf 92' lang='lat' dir='ltr'><strong>quo</strong></span> <span class='ocrx_word' id='word_1_273' title='bbox 1818 2639 2073 2689; x_wconf 89' lang='lat' dir='ltr'><strong>mortem</strong></span> <span class='ocrx_word' id='word_1_274' title='bbox 2116 2630 2237 2691; x_wconf 89' lang='lat' dir='ltr'><strong>fine</strong></span> <span class='ocrx_word' id='word_1_275' title='bbox 2276 2626 2533 2707; x_wconf 90' lang='lat' dir='ltr'><strong>recepit:</strong></span> 
     </span>
    </p>

    <p class='ocr_par' dir='ltr' id='par_1_15' title="bbox 1147 2720 2695 2885">
     <span class='ocr_line' id='line_1_68' title="bbox 1147 2720 2695 2804; baseline 0.003 -23"><span class='ocrx_word' id='word_1_276' title='bbox 1147 2724 1198 2782; x_wconf 95' lang='lat' dir='ltr'><strong>F</strong></span> <span class='ocrx_word' id='word_1_277' title='bbox 1198 2720 1353 2782; x_wconf 90' lang='lat' dir='ltr'><strong>urcis</strong></span> <span class='ocrx_word' id='word_1_278' title='bbox 1392 2723 1712 2800; x_wconf 88' lang='lat' dir='ltr'><strong>pendebat,</strong></span> <span class='ocrx_word' id='word_1_279' title='bbox 1756 2742 1939 2801; x_wconf 90' lang='lat' dir='ltr'><strong>quem</strong></span> <span class='ocrx_word' id='word_1_280' title='bbox 1978 2725 2175 2804; x_wconf 89' lang='lat' dir='ltr'><strong>primo</strong></span> <span class='ocrx_word' id='word_1_281' title='bbox 2214 2736 2367 2787; x_wconf 90' lang='lat' dir='ltr'><strong>terra</strong></span> <span class='ocrx_word' id='word_1_282' title='bbox 2404 2724 2695 2799; x_wconf 80' lang='lat' dir='ltr'><strong>trahebat,</strong></span> 
     </span>
     <span class='ocr_line' id='line_1_69' title="bbox 1147 2818 2561 2885; baseline 0.002 -5"><span class='ocrx_word' id='word_1_283' title='bbox 1147 2820 1347 2880; x_wconf 90' lang='lat' dir='ltr'><strong>Ictum</strong></span> <span class='ocrx_word' id='word_1_284' title='bbox 1389 2818 1475 2880; x_wconf 88' lang='lat' dir='ltr'><strong>sic</strong></span> <span class='ocrx_word' id='word_1_285' title='bbox 1515 2818 1674 2881; x_wconf 89' lang='lat' dir='ltr'><strong>ensis</strong></span> <span class='ocrx_word' id='word_1_286' title='bbox 1713 2840 1839 2883; x_wconf 89' lang='lat' dir='ltr'><strong>non</strong></span> <span class='ocrx_word' id='word_1_287' title='bbox 1882 2822 2063 2884; x_wconf 87' lang='lat' dir='ltr'><strong>sentit</strong></span> <span class='ocrx_word' id='word_1_288' title='bbox 2104 2822 2561 2885; x_wconf 88' lang='lat' dir='ltr'><strong>Londoniensis.</strong></span> 
     </span>
    </p>

    <p class='ocr_par' dir='ltr' id='par_1_16' title="bbox 1140 2917 2753 3287">
     <span class='ocr_line' id='line_1_70' title="bbox 1229 2917 2601 3001; baseline 0.005 -24"><span class='ocrx_word' id='word_1_289' title='bbox 1229 2918 1304 2978; x_wconf 93' lang='lat' dir='ltr'><strong>In</strong></span> <span class='ocrx_word' id='word_1_290' title='bbox 1344 2917 1540 2979; x_wconf 88' lang='lat' dir='ltr'><strong>banco</strong></span> <span class='ocrx_word' id='word_1_291' title='bbox 1581 2918 1733 2997; x_wconf 85' lang='lat' dir='ltr'><strong>regis</strong></span> <span class='ocrx_word' id='word_1_292' title='bbox 1772 2919 1877 2997; x_wconf 91' lang='lat' dir='ltr'><strong>qui</strong></span> <span class='ocrx_word' id='word_1_293' title='bbox 1917 2920 2093 2982; x_wconf 86' lang='lat' dir='ltr'><strong>librat</strong></span> <span class='ocrx_word' id='word_1_294' title='bbox 2130 2923 2399 3000; x_wconf 87' lang='lat' dir='ltr'><strong>pondera</strong></span> <span class='ocrx_word' id='word_1_295' title='bbox 2439 2921 2601 3001; x_wconf 80' lang='lat' dir='ltr'><strong>legiS,</strong></span> 
     </span>
     <span class='ocr_line' id='line_1_71' title="bbox 1143 3016 2568 3097; baseline 0.001 -20"><span class='ocrx_word' id='word_1_296' title='bbox 1143 3017 1402 3094; x_wconf 89' lang='lat' dir='ltr'><strong>luraque</strong></span> <span class='ocrx_word' id='word_1_297' title='bbox 1441 3016 1742 3095; x_wconf 87' lang='lat' dir='ltr'><strong>cognouit,</strong></span> <span class='ocrx_word' id='word_1_298' title='bbox 1786 3017 1915 3079; x_wconf 86' lang='lat' dir='ltr'><strong>aliis</strong></span> <span class='ocrx_word' id='word_1_299' title='bbox 1954 3020 2090 3097; x_wconf 89' lang='lat' dir='ltr'><strong>plus</strong></span> <span class='ocrx_word' id='word_1_300' title='bbox 2129 3018 2259 3080; x_wconf 89' lang='lat' dir='ltr'><strong>iura</strong></span> <span class='ocrx_word' id='word_1_301' title='bbox 2296 3019 2568 3093; x_wconf 88' lang='lat' dir='ltr'><strong>remouit,</strong></span> 
     </span>
     <span class='ocr_line' id='line_1_72' title="bbox 1141 3114 2753 3195; baseline 0.001 -18"><span class='ocrx_word' id='word_1_302' title='bbox 1141 3114 1572 3177; x_wconf 86' lang='lat' dir='ltr'><strong>Cornubiensis</strong></span> <span class='ocrx_word' id='word_1_303' title='bbox 1611 3126 1771 3176; x_wconf 86' lang='lat' dir='ltr'><strong>erat:</strong></span> <span class='ocrx_word' id='word_1_304' title='bbox 1826 3115 1877 3176; x_wconf 89' lang='lat' dir='ltr'><strong>si</strong></span> <span class='ocrx_word' id='word_1_305' title='bbox 1917 3116 2051 3193; x_wconf 89' lang='lat' dir='ltr'><strong>quis</strong></span> <span class='ocrx_word' id='word_1_306' title='bbox 2092 3135 2200 3176; x_wconf 90' lang='lat' dir='ltr'><strong>sua</strong></span> <span class='ocrx_word' id='word_1_307' title='bbox 2238 3116 2489 3177; x_wconf 87' lang='lat' dir='ltr'><strong>crimina</strong></span> <span class='ocrx_word' id='word_1_308' title='bbox 2526 3127 2753 3195; x_wconf 85' lang='lat' dir='ltr'><strong>querat,</strong></span> 
     </span>
     <span class='ocr_line' id='line_1_73' title="bbox 1140 3211 2469 3287; baseline 0.002 -15"><span class='ocrx_word' id='word_1_309' title='bbox 1140 3211 1318 3273; x_wconf 89' lang='lat' dir='ltr'><strong>Peior</strong></span> <span class='ocrx_word' id='word_1_310' title='bbox 1355 3232 1431 3272; x_wconf 90' lang='lat' dir='ltr'><strong>eo</strong></span> <span class='ocrx_word' id='word_1_311' title='bbox 1469 3214 1685 3287; x_wconf 89' lang='lat' dir='ltr'><strong>nullus,</strong></span> <span class='ocrx_word' id='word_1_312' title='bbox 1730 3232 1844 3274; x_wconf 89' lang='lat' dir='ltr'><strong>nec</strong></span> <span class='ocrx_word' id='word_1_313' title='bbox 1886 3232 1961 3275; x_wconf 90' lang='lat' dir='ltr'><strong>eo</strong></span> <span class='ocrx_word' id='word_1_314' title='bbox 2000 3214 2264 3275; x_wconf 86' lang='lat' dir='ltr'><strong>fallacior</strong></span> <span class='ocrx_word' id='word_1_315' title='bbox 2302 3218 2469 3277; x_wconf 85' lang='lat' dir='ltr'><strong>vllus.</strong></span> 
     </span>
    </p>

    <p class='ocr_par' dir='ltr' id='par_1_17' title="bbox 1139 3310 2791 3778">
     <span class='ocr_line' id='line_1_74' title="bbox 1143 3310 2748 3393; baseline 0.003 -23"><span class='ocrx_word' id='word_1_316' title='bbox 1143 3310 1267 3371; x_wconf 91' lang='lat' dir='ltr'><strong>Hic</strong></span> <span class='ocrx_word' id='word_1_317' title='bbox 1307 3312 1500 3371; x_wconf 90' lang='lat' dir='ltr'><strong>scelus</strong></span> <span class='ocrx_word' id='word_1_318' title='bbox 1541 3310 1781 3389; x_wconf 85' lang='lat' dir='ltr'><strong>instigat</strong></span> <span class='ocrx_word' id='word_1_319' title='bbox 1820 3330 2110 3390; x_wconf 75' lang='lat' dir='ltr'><strong>procereS,</strong></span> <span class='ocrx_word' id='word_1_320' title='bbox 2152 3331 2306 3390; x_wconf 89' lang='lat' dir='ltr'><strong>quos</strong></span> <span class='ocrx_word' id='word_1_321' title='bbox 2346 3332 2489 3393; x_wconf 86' lang='lat' dir='ltr'><strong>sepe</strong></span> <span class='ocrx_word' id='word_1_322' title='bbox 2528 3312 2748 3393; x_wconf 81' lang='lat' dir='ltr'><strong>fatigat,</strong></span> 
     </span>
     <span class='ocr_line' id='line_1_75' title="bbox 1139 3408 2649 3487; baseline 0.003 -20"><span class='ocrx_word' id='word_1_323' title='bbox 1139 3408 1320 3469; x_wconf 88' lang='lat' dir='ltr'><strong>Vnde</strong></span> <span class='ocrx_word' id='word_1_324' title='bbox 1361 3408 1634 3487; x_wconf 81' lang='lat' dir='ltr'><strong>fatigatus</strong></span> <span class='ocrx_word' id='word_1_325' title='bbox 1675 3410 1922 3471; x_wconf 87' lang='lat' dir='ltr'><strong>tandem</strong></span> <span class='ocrx_word' id='word_1_326' title='bbox 1962 3408 2113 3487; x_wconf 86' lang='lat' dir='ltr'><strong>perit</strong></span> <span class='ocrx_word' id='word_1_327' title='bbox 2154 3410 2253 3471; x_wconf 87' lang='lat' dir='ltr'><strong>hic</strong></span> <span class='ocrx_word' id='word_1_328' title='bbox 2294 3413 2649 3473; x_wconf 86' lang='lat' dir='ltr'><strong>sceleratus:</strong></span> 
     </span>
     <span class='ocr_line' id='line_1_76' title="bbox 1141 3497 2791 3586; baseline 0.001 -18"><span class='ocrx_word' id='word_1_329' title='bbox 1141 3504 1408 3568; x_wconf 87' lang='lat' dir='ltr'><strong>Crimine</strong></span> <span class='ocrx_word' id='word_1_330' title='bbox 1449 3517 1751 3584; x_wconf 82' lang='lat' dir='ltr'><strong>prestante</strong></span> <span class='ocrx_word' id='word_1_331' title='bbox 1792 3526 1970 3585; x_wconf 90' lang='lat' dir='ltr'><strong>super</strong></span> <span class='ocrx_word' id='word_1_332' title='bbox 2010 3510 2128 3569; x_wconf 92' lang='lat' dir='ltr'><strong>hoc</strong></span> <span class='ocrx_word' id='word_1_333' title='bbox 2168 3510 2336 3586; x_wconf 90' lang='lat' dir='ltr'><strong>quod</strong></span> <span class='ocrx_word' id='word_1_334' title='bbox 2354 3497 2360 3519; x_wconf 73' lang='lat'><em>⁹</em></span> <span class='ocrx_word' id='word_1_335' title='bbox 2375 3512 2596 3570; x_wconf 82' lang='lat' dir='ltr'><strong>fecerat</strong></span> <span class='ocrx_word' id='word_1_336' title='bbox 2635 3520 2791 3584; x_wconf 86' lang='lat' dir='ltr'><strong>ante,</strong></span> 
     </span>
     <span class='ocr_line' id='line_1_77' title="bbox 1140 3603 2676 3681; baseline 0.003 -18"><span class='ocrx_word' id='word_1_337' title='bbox 1140 3604 1239 3664; x_wconf 91' lang='lat' dir='ltr'><strong>Ad</strong></span> <span class='ocrx_word' id='word_1_338' title='bbox 1282 3604 1475 3663; x_wconf 89' lang='lat' dir='ltr'><strong>furcas</strong></span> <span class='ocrx_word' id='word_1_339' title='bbox 1516 3614 1737 3664; x_wconf 86' lang='lat' dir='ltr'><strong>tractus</strong></span> <span class='ocrx_word' id='word_1_340' title='bbox 1778 3605 1847 3664; x_wconf 82' lang='lat' dir='ltr'><strong>fit</strong></span> <span class='ocrx_word' id='word_1_341' title='bbox 1886 3603 1971 3664; x_wconf 91' lang='lat' dir='ltr'><strong>ibi</strong></span> <span class='ocrx_word' id='word_1_342' title='bbox 2010 3606 2337 3681; x_wconf 90' lang='lat' dir='ltr'><strong>pendendo</strong></span> <span class='ocrx_word' id='word_1_343' title='bbox 2376 3606 2676 3668; x_wconf 86' lang='lat' dir='ltr'><strong>subactus.</strong></span> 
     </span>
     <span class='ocr_line' id='line_1_78' title="bbox 1140 3700 2672 3778; baseline 0.004 -18"><span class='ocrx_word' id='word_1_344' title='bbox 1140 3702 1414 3762; x_wconf 88' lang='lat' dir='ltr'><strong>Pendula</strong></span> <span class='ocrx_word' id='word_1_345' title='bbox 1451 3720 1578 3761; x_wconf 90' lang='lat' dir='ltr'><strong>sors</strong></span> <span class='ocrx_word' id='word_1_346' title='bbox 1617 3700 1799 3762; x_wconf 89' lang='lat' dir='ltr'><strong>tristis</strong></span> <span class='ocrx_word' id='word_1_347' title='bbox 1839 3702 2230 3763; x_wconf 87' lang='lat' dir='ltr'><strong>morientibus</strong></span> <span class='ocrx_word' id='word_1_348' title='bbox 2269 3703 2490 3765; x_wconf 87' lang='lat' dir='ltr'><strong>accidit</strong></span> <span class='ocrx_word' id='word_1_349' title='bbox 2526 3704 2672 3778; x_wconf 88' lang='lat' dir='ltr'><strong>istis,</strong></span> 
     </span>
    </p>

    <p class='ocr_par' dir='ltr' id='par_1_18' title="bbox 1140 3798 2700 3878">
     <span class='ocr_line' id='line_1_79' title="bbox 1140 3798 2700 3878; baseline 0.003 -19"><span class='ocrx_word' id='word_1_350' title='bbox 1140 3800 1216 3859; x_wconf 93' lang='lat' dir='ltr'><strong>In</strong></span> <span class='ocrx_word' id='word_1_351' title='bbox 1259 3798 1535 3860; x_wconf 88' lang='lat' dir='ltr'><strong>manibus</strong></span> <span class='ocrx_word' id='word_1_352' title='bbox 1575 3817 1833 3876; x_wconf 90' lang='lat' dir='ltr'><strong>quorum</strong></span> <span class='ocrx_word' id='word_1_353' title='bbox 1872 3801 2219 3878; x_wconf 90' lang='lat' dir='ltr'><strong>pendebant</strong></span> <span class='ocrx_word' id='word_1_354' title='bbox 2258 3800 2385 3862; x_wconf 88' lang='lat' dir='ltr'><strong>iura</strong></span> <span class='ocrx_word' id='word_1_355' title='bbox 2424 3801 2700 3863; x_wconf 85' lang='lat' dir='ltr'><strong>virorum.</strong></span> 
     </span>
    </p>

    <p class='ocr_par' dir='ltr' id='par_1_19' title="bbox 1222 3895 2694 3977">
     <span class='ocr_line' id='line_1_80' title="bbox 1222 3895 2694 3977; baseline 0.002 -20"><span class='ocrx_word' id='word_1_356' title='bbox 1222 3896 1532 3959; x_wconf 92' lang='lat' dir='ltr'><strong>Iudicibus</strong></span> <span class='ocrx_word' id='word_1_357' title='bbox 1573 3895 1813 3977; x_wconf 89' lang='lat' dir='ltr'><strong>reliquis</strong></span> <span class='ocrx_word' id='word_1_358' title='bbox 1853 3897 2135 3977; x_wconf 88' lang='lat' dir='ltr'><strong>falsisque</strong></span> <span class='ocrx_word' id='word_1_359' title='bbox 2174 3897 2431 3960; x_wconf 87' lang='lat' dir='ltr'><strong>scienter</strong></span> <span class='ocrx_word' id='word_1_360' title='bbox 2466 3900 2694 3975; x_wconf 76' lang='lat' dir='ltr'><strong>amiciS,</strong></span> 
     </span>
    </p>

    <p class='ocr_par' dir='ltr' id='par_1_20' title="bbox 1135 3996 2845 4272">
     <span class='ocr_line' id='line_1_81' title="bbox 1137 3996 2589 4073; baseline 0.003 -19"><span class='ocrx_word' id='word_1_361' title='bbox 1137 3996 1221 4056; x_wconf 90' lang='lat' dir='ltr'><strong>Vt</strong></span> <span class='ocrx_word' id='word_1_362' title='bbox 1261 4006 1425 4073; x_wconf 88' lang='lat' dir='ltr'><strong>patet</strong></span> <span class='ocrx_word' id='word_1_363' title='bbox 1462 4004 1604 4056; x_wconf 88' lang='lat' dir='ltr'><strong>ante</strong></span> <span class='ocrx_word' id='word_1_364' title='bbox 1643 4006 1805 4069; x_wconf 82' lang='lat' dir='ltr'><strong>nota,</strong></span> <span class='ocrx_word' id='word_1_365' title='bbox 1848 3998 2184 4056; x_wconf 87' lang='lat' dir='ltr'><strong>conclamat</strong></span> <span class='ocrx_word' id='word_1_366' title='bbox 2223 3996 2387 4057; x_wconf 90' lang='lat' dir='ltr'><strong>curia</strong></span> <span class='ocrx_word' id='word_1_367' title='bbox 2426 4008 2589 4058; x_wconf 88' lang='lat' dir='ltr'><strong>tota:</strong></span> 
     </span>
     <span class='ocr_line' id='line_1_82' title="bbox 1135 4092 2606 4173; baseline 0.003 -23"><span class='ocrx_word' id='word_1_368' title='bbox 1135 4092 1311 4166; x_wconf 86' lang='lat' dir='ltr'><strong>Vrbs,</strong></span> <span class='ocrx_word' id='word_1_369' title='bbox 1354 4111 1492 4170; x_wconf 86' lang='lat' dir='ltr'><strong>ager</strong></span> <span class='ocrx_word' id='word_1_370' title='bbox 1533 4102 1594 4153; x_wconf 91' lang='lat' dir='ltr'><strong>et</strong></span> <span class='ocrx_word' id='word_1_371' title='bbox 1632 4092 1773 4153; x_wconf 83' lang='lat' dir='ltr'><strong>villa</strong></span> <span class='ocrx_word' id='word_1_372' title='bbox 1812 4095 2171 4154; x_wconf 87' lang='lat' dir='ltr'><strong>damnarunt</strong></span> <span class='ocrx_word' id='word_1_373' title='bbox 2211 4095 2359 4154; x_wconf 85' lang='lat' dir='ltr'><strong>falsa</strong></span> <span class='ocrx_word' id='word_1_374' title='bbox 2400 4094 2606 4173; x_wconf 82' lang='lat' dir='ltr'><strong>sigilla,</strong></span> 
     </span>
     <span class='ocr_line' id='line_1_83' title="bbox 1135 4189 2845 4272; baseline 0.003 -22"><span class='ocrx_word' id='word_1_375' title='bbox 1135 4189 1276 4265; x_wconf 88' lang='lat' dir='ltr'><strong>Que</strong></span> <span class='ocrx_word' id='word_1_376' title='bbox 1315 4190 1606 4251; x_wconf 88' lang='lat' dir='ltr'><strong>dederant</strong></span> <span class='ocrx_word' id='word_1_377' title='bbox 1643 4210 1889 4251; x_wconf 86' lang='lat' dir='ltr'><strong>causam</strong></span> <span class='ocrx_word' id='word_1_378' title='bbox 1930 4191 2165 4253; x_wconf 89' lang='lat' dir='ltr'><strong>sceleris</strong></span> <span class='ocrx_word' id='word_1_379' title='bbox 2206 4191 2345 4272; x_wconf 85' lang='lat' dir='ltr'><strong>regi,</strong></span> <span class='ocrx_word' id='word_1_380' title='bbox 2390 4191 2578 4271; x_wconf 79' lang='lat' dir='ltr'><strong>magis</strong></span> <span class='ocrx_word' id='word_1_381' title='bbox 2618 4212 2845 4255; x_wconf 81' lang='lat' dir='ltr'><strong>ansam.</strong></span> 
     </span>
    </p>
   </div>
   <div class='ocr_carea' id='block_1_11' title="bbox 1565 4324 2658 4464">
    <p class='ocr_par' dir='ltr' id='par_1_21' title="bbox 1565 4324 2658 4464">
     <span class='ocr_line' id='line_1_84' title="bbox 1996 4324 2658 4389; baseline 0.002 -20"><span class='ocrx_word' id='word_1_382' title='bbox 1996 4324 2085 4370; x_wconf 85' lang='lat'><strong>161</strong></span> <span class='ocrx_word' id='word_1_383' title='bbox 2124 4324 2326 4389; x_wconf 60' lang='lat' dir='ltr'><strong>margin</strong></span> <span class='ocrx_word' id='word_1_384' title='bbox 2360 4324 2448 4387; x_wconf 89' lang='lat' dir='ltr'><strong>qui</strong></span> <span class='ocrx_word' id='word_1_385' title='bbox 2480 4338 2584 4375; x_wconf 77' lang='lat' dir='ltr'><strong>om.</strong></span> <span class='ocrx_word' id='word_1_386' title='bbox 2618 4324 2658 4375; x_wconf 90' lang='lat' dir='ltr'>S</span> 
     </span>
     <span class='ocr_line' id='line_1_85' title="bbox 1565 4398 2147 4464; baseline -0.01 -7"><span class='ocrx_word' id='word_1_387' title='bbox 1565 4412 1658 4459; x_wconf 72' lang='lat'><strong>173</strong></span> <span class='ocrx_word' id='word_1_388' title='bbox 1693 4413 1871 4451; x_wconf 68' lang='lat' dir='ltr'><strong>amam</strong></span> <span class='ocrx_word' id='word_1_389' title='bbox 1894 4401 1962 4464; x_wconf 75' lang='grc'><strong>(7)</strong></span> <span class='ocrx_word' id='word_1_390' title='bbox 1988 4398 2147 4451; x_wconf 74' lang='lat' dir='ltr'><strong>MSS.</strong></span> 
     </span>
    </p>
   </div>
   <div class='ocr_carea' id='block_1_12' title="bbox 3124 989 3217 1039">
    <p class='ocr_par' dir='ltr' id='par_1_22' title="bbox 3124 989 3217 1039">
     <span class='ocr_line' id='line_1_86' title="bbox 3124 989 3217 1039; baseline -0.022 -14"><span class='ocrx_word' id='word_1_391' title='bbox 3124 989 3217 1039; x_wconf 78' lang='lat'><strong>¹40</strong></span> 
     </span>
    </p>
   </div>
   <div class='ocr_carea' id='block_1_13' title="bbox 3112 1968 3204 2017">
    <p class='ocr_par' dir='ltr' id='par_1_23' title="bbox 3112 1968 3204 2017">
     <span class='ocr_line' id='line_1_87' title="bbox 3112 1968 3204 2017; baseline -0.011 1"><span class='ocrx_word' id='word_1_392' title='bbox 3112 1968 3204 2017; x_wconf 70' lang='grc' dir='ltr'><strong>τεο</strong></span> 
     </span>
    </p>
   </div>
   <div class='ocr_carea' id='block_1_14' title="bbox 3094 2931 3194 2981">
    <p class='ocr_par' dir='ltr' id='par_1_24' title="bbox 3094 2931 3194 2981">
     <span class='ocr_line' id='line_1_88' title="bbox 3094 2931 3194 2981; baseline 0 0"><span class='ocrx_word' id='word_1_393' title='bbox 3094 2931 3194 2981; x_wconf 82' lang='lat'><strong>160</strong></span> 
     </span>
    </p>
   </div>
   <div class='ocr_carea' id='block_1_15' title="bbox 3086 3924 3185 3977">
    <p class='ocr_par' dir='ltr' id='par_1_25' title="bbox 3086 3924 3185 3977">
     <span class='ocr_line' id='line_1_89' title="bbox 3086 3924 3185 3977; baseline -0.01 1"><span class='ocrx_word' id='word_1_394' title='bbox 3086 3924 3185 3977; x_wconf 72' lang='lat'><strong>1⁷0</strong></span> 
     </span>
    </p>
   </div>
   <div class='ocr_carea' id='block_1_16' title="bbox 2845 4325 3177 4391">
    <p class='ocr_par' dir='ltr' id='par_1_26' title="bbox 2845 4325 3177 4391">
     <span class='ocr_line' id='line_1_90' title="bbox 2845 4325 3177 4391; baseline 0.006 -17"><span class='ocrx_word' id='word_1_395' title='bbox 2845 4338 2941 4387; x_wconf 81' lang='lat'><strong>170</strong></span> <span class='ocrx_word' id='word_1_396' title='bbox 2973 4325 3177 4391; x_wconf 79' lang='lat' dir='ltr'><strong>amicis]</strong></span> 
     </span>
    </p>
   </div>
   <div class='ocr_carea' id='block_1_17' title="bbox 3386 1652 3397 2411">
    <p class='ocr_par' dir='ltr' id='par_1_27' title="bbox 3386 1652 3397 2411">
     <span class='ocr_line' id='line_1_91' title="bbox 3386 1652 3397 2411; baseline 0 0"><span class='ocrx_word' id='word_1_397' title='bbox 3386 1652 3397 2411; x_wconf 95' lang='lat' dir='ltr'><strong> </strong></span> 
     </span>
    </p>
   </div>
  </div>
 </body>
</html>
