3434 5142
598 2418 794 2494 Capm.

823 422 948 483 266
1535 416 1735 482 VOX
1792 414 2335 482 CLAMANTIS

984 578 1055 639 Si
1097 576 1230 638 tibi
1271 575 1672 637 subiectum
1711 576 1959 653 cupias
2000 586 2414 638 conuertere
2453 594 2757 655 regnum,

984 677 1086 736 Te
1127 674 1320 751 prius
1363 674 1432 733 in
1475 673 1713 735 Cristo
1752 673 1866 734 fac
1906 673 2228 735 revenire
2266 674 2438 737 deo:
2901 698 3038 751 1190

987 775 1299 850 Postque
1337 780 1532 832 tuum
1571 772 1913 849 populum
1953 772 2285 833 stabilem
2326 772 2459 833 tibi
2500 772 2949 850 pacificatum

986 871 1144 930 Non
1188 870 1345 931 vice
1383 871 1678 931 terroris
1720 871 1829 930 fac
1868 880 1977 931 set
2015 886 2253 930 amore
2292 869 2526 947 magiS.

985 966 1222 1029 Corda
1262 977 1380 1027 tue
1421 966 1654 1044 plebis
1695 968 1793 1027 ita
1832 966 1997 1028 dum
2038 968 2405 1044 pacienter
2444 964 2761 1039 habebis,

985 1062 1274 1126 Nobilis
1316 1064 1388 1124 in
1429 1082 1650 1141 regno
1689 1062 1913 1124 stabis
1952 1063 2216 1142 vbique
2257 1072 2419 1125 tuo:

987 1165 1316 1240 Dumque
1355 1172 1514 1223 tuas
1551 1162 1747 1238 leges
1788 1163 2045 1223 mixtas
2084 1164 2353 1239 pietate
2390 1158 2758 1240 gubernes,

986 1260 1262 1322 Cuncta
1302 1269 1421 1321 tue
1460 1260 1657 1321 laudi
1697 1271 1895 1336 gesta
1936 1260 2257 1321 feruntur
2298 1259 2413 1320 ibi.

986 1358 1058 1417 Si
1097 1366 1332 1418 tamen
1372 1368 1668 1417 econtra
1708 1356 1983 1434 rigidus
2023 1368 2141 1418 tua
2182 1358 2476 1417 verteris
2514 1365 2688 1429 acta,

986 1456 1234 1516 Vertet
1276 1472 1351 1515 se
1389 1456 1698 1533 populus
1736 1455 1857 1532 qui
1900 1455 2083 1515 solet
2124 1472 2279 1515 esse
2320 1464 2498 1516 tuus.

987 1554 1146 1615 Hec
1183 1553 1332 1626 tibi,
1363 1572 1495 1627 rex,
1529 1552 1767 1614 scribo
1806 1570 1937 1630 pro
1975 1563 2297 1631 tempore
2336 1571 2523 1613 nunc
2563 1569 2701 1630 que
2740 1553 3017 1627 futur03

986 1651 1274 1728 Semper
1313 1652 1385 1710 in
1428 1649 1765 1727 ambiguo
1804 1667 1955 1711 sors
1996 1651 2299 1711 variatur
2337 1649 2569 1710 humo.
2904 1672 3039 1709 1200

897 1857 1098 1929 Quia,
1134 1860 1356 1927 prout
1387 1856 1474 1912 de
1509 1858 1871 1913 communi
1904 1870 2091 1913 voce
2127 1856 2485 1920 audiatis,
2516 1856 3031 1912 modernorum

828 1946 1317 2003 condiciones
1365 1960 1492 2016 per
1537 1945 1973 2002 vniueraum
2022 1947 2275 2003 orbem
2331 1945 2720 2001 erroribus
2764 1946 3035 2013 vbique

825 2036 1444 2098 mutantur-,nunc
1480 2033 1566 2089 de
1599 2034 1900 2089 illorum
1937 2031 2514 2089 condiclonibua
2550 2032 2672 2102 qui
2708 2047 2849 2088 nos
2884 2046 3030 2100 pre·

827 2125 1237 2187 cesserunt,
1285 2121 1642 2192 precipue
1689 2123 1765 2177 in
1810 2122 2165 2187 ecclesia,
2210 2136 2350 2191 qne
2395 2121 2542 2176 iam
2588 2121 2842 2207 diuisa
2896 2122 3033 2183 eat,

827 2209 1356 2351 ἵξιὲἒὶεῃίιὶῗοω
1413 2210 1546 2265 nub
1602 2209 1969 2281 exemplis
2025 2208 2422 2278 figuratam
2476 2210 3033 2277 consequenter

829 2417 940 2477 xix.
1070 2418 1260 2477 Poma
1299 2416 1524 2476 cadunt
1567 2417 1763 2489 ramiS,
1808 2416 2104 2495 agitantur
2144 2414 2223 2476 ab
2266 2416 2413 2477 llice
2452 2416 2717 2493 glandes,

991 2514 1374 2573 Marcescunt
1415 2513 1606 2588 flores,
1651 2514 1861 2575 defluit
1902 2524 2031 2575 orta
2072 2532 2277 2591 seges:

989 2692 1088 2754 Sic
1119 2702 1231 2752 tua
1271 2710 1583 2769 processus
1624 2694 1845 2755 habeat
1886 2694 2123 2757 fortuna
2164 2697 2515 2774 perhennes,

989 2790 1074 2851 Vt
1112 2790 1380 2850 recolant
1420 2790 1632 2852 laudes
1676 2793 1879 2851 secula
1919 2804 2139 2853 cuncta
2179 2804 2332 2854 tuas.
2868 2792 3030 2869 1¹90*

1070 2888 1171 2947 Ad
1212 2887 1400 2948 decus
1441 2888 1690 2965 imperii,
1737 2889 1889 2963 Rex,
1935 2891 2048 2951 ista
2088 2890 2177 2951 tui
2216 2901 2407 2951 metra
2446 2890 2653 2969 scripsi

991 2985 1210 3045 Seruus
1252 3002 1364 3062 ego
1408 2986 1604 3063 Regni
1645 2998 1963 3065 promptus
2000 2990 2229 3050 honore
2268 2988 2393 3049 tibi.
2632 3028 2653 3055 0

990 3084 1130 3142 Hec
1170 3080 1280 3142 tihi
1321 3099 1456 3161 que,
1501 3084 1600 3161 pie
1643 3086 1791 3159 Rex,
1837 3084 2047 3146 humili
2088 3088 2167 3147 de
2207 3086 2390 3147 corde
2430 3086 2651 3164 paraui,

989 3180 1219 3257 Scripta
1260 3190 1364 3240 tue
1405 3182 1566 3243 laudi
1608 3185 1847 3261 suscipe
1885 3184 2049 3244 dona
2090 3184 2225 3245 dei:

994 3278 1136 3337 Non
1177 3288 1268 3338 est
1310 3279 1424 3339 ism
1463 3298 1600 3340 mea
1638 3289 1875 3341 tantum
1914 3282 2203 3356 doctrina,
2250 3282 2359 3342 sed
2398 3282 2528 3343 eius

993 3373 1118 3449 Qui
1158 3375 1354 3450 docet,
1401 3387 1461 3437 et
1501 3378 1729 3439 dociles
1770 3380 1935 3439 solus
1975 3378 2053 3439 ab
2095 3398 2199 3440 ore
2239 3390 2419 3439 creat.

994 3471 1053 3534 Ο
1094 3472 1358 3533 iuuenile
1399 3474 1606 3551 decuS,
1644 3476 1775 3537 laus
1818 3478 2025 3555 Regia,
2070 3477 2181 3537 flos
2222 3495 2557 3553 puerorum,

990 3570 1075 3628 Vt
1115 3571 1278 3631 valor
1320 3582 1410 3632 est
1451 3572 1511 3632 in
1555 3582 1633 3647 te,
1675 3575 1765 3634 sic
1805 3573 1913 3635 tibi
1954 3574 2094 3637 dico
2134 3576 2280 3636 vale.

901 3694 1030 3757 1189
1062 3696 1110 3745 O
1133 3698 1220 3759 qui
1243 3697 1532 3747 subiectum
1553 3702 1751 3762 poteris
1772 3700 1863 3749 tibi
1886 3702 2096 3751 flectere
2120 3716 2337 3765 regnum
2363 3700 2415 3751 H
2494 3701 2542 3750 O
2567 3715 2725 3763 quam
2747 3700 3031 3749 subiectum

832 3774 1028 3836 poteris
1053 3775 1143 3824 tibi
1165 3776 1372 3825 flectere
1395 3791 1612 3839 reg-num
1633 3778 1723 3827 ΟΕ
1948 3794 2078 3841 1190
2112 3780 2169 3830 Si
2204 3780 2345 3843 prius
2378 3780 2431 3829 in
2468 3780 2663 3829 mundo
2683 3778 2759 3828 sis
2780 3778 2895 3842 pius
2918 3779 3032 3842 ipse

831 3854 933 3902 deo
953 3852 996 3901 C

898 3930 1026 3992 Cap.
1060 3931 1168 3982 xix.
1201 3931 1443 3999 Heading
1474 3932 1578 3984 Hic
1611 3934 1913 3999 recapitulat
1944 3937 2320 3999 quodammodo
2351 3936 2447 3987 sub
2480 3936 2658 3999 figuris
2692 3944 2747 3987 et
2781 3934 3034 3998 exemplis

833 4014 936 4056 tarn
969 4010 1163 4059 veteris
1195 4024 1347 4071 quam
1383 4013 1504 4060 noui
1538 4014 1857 4077 testamenti,
1894 4012 1949 4062 in
1990 4014 2175 4076 quibus
2214 4014 2481 4079 pretendit
2520 4015 2657 4077 quod
2699 4030 2877 4063 eorum
2911 4012 3031 4062 loco

833 4086 920 4147 qui
967 4086 1020 4134 in
1065 4087 1206 4135 omni
1243 4090 1515 4139 sanctitate
1553 4089 1723 4153 legem
1762 4092 1848 4141 dei
1886 4099 1941 4142 et
1980 4093 2133 4141 fldem
2170 4092 2327 4142 cristi
2366 4093 2600 4156 primitus
2638 4099 3035 4154 augmentantes

837 4164 1120 4213 Ecclesiam
1161 4166 1416 4229 colebant,
1452 4175 1505 4218 et
1537 4186 1568 4218 a
1601 4171 1689 4219 diu
1724 4171 1914 4220 mortui
1947 4179 2085 4231 sunt,
2120 4172 2221 4221 iam
2254 4179 2529 4233 resurgunt
2560 4172 2647 4220 alii
2680 4172 2927 4234 precipue
2963 4172 3031 4220 de

833 4242 1007 4303 Clero,
1043 4242 1130 4304 qui
1158 4242 1297 4293 illam
1321 4246 1460 4295 omni
1484 4246 1734 4297 viciorum
1758 4250 2089 4300 multitudine
2112 4250 2425 4300 suffocantes
2458 4256 2791 4313 corrumpunt
2816 4248 3033 4299 DLTH·

833 4320 950 4384 (but
969 4321 1343 4371 multitudinem
1343 4323 1442 4385 for
1455 4324 1806 4392 multitudine)

905 4399 1060 4463 1189*
1091 4415 1340 4463 perennes
1365 4401 1412 4449 D
