3434 5142
2146 433 2161 468 4

1154 491 1438 556 LIBER
1496 491 1950 570 QUARTUS

2543 517 2658 576 197

525 743 646 800 Hic
710 745 987 813 loquitur
1050 745 1323 813 qualiter
1384 743 1499 798 isti
1568 743 1805 800 statro-
1867 746 2302 804 mendicantes
2366 749 2659 802 mundum

456 832 811 888 circuiendo
860 833 1318 901 amplioresque
1366 833 1687 902 querendo
1735 833 1998 889 delicias
2032 835 2111 889 de
2157 835 2299 891 loco
2337 835 2406 890 in
2452 837 2658 891 locum

455 937 595 977 cum
631 925 773 978 ocio
810 937 883 977 se
924 921 1351 977 transferunt:
1402 921 1679 990 loquitur
1725 921 1927 976 eciam
1965 923 2044 977 de
2078 924 2409 992 superflui·
2445 939 2660 982 eornm

456 1009 735 1074 edificiis,
758 1024 878 1079 que
913 1009 1101 1077 quasi
1134 1010 1217 1064 ab
1242 1009 1431 1064 huius
1462 1009 1659 1064 seculi
1678 1010 2162 1080 ,potencioribus
2198 1013 2375 1068 vltra
2410 1013 2658 1068 modum

453 1096 723 1153 delicate
760 1099 1231 1153 construuntur.

114 1245 117 1248 ’
184 1242 386 1316 Capm.
417 1238 571 1297 xxiii.

708 1236 933 1296 Iudeos
972 1237 1207 1312 spers‘os
1248 1237 1489 1295 fratrum
1532 1235 1823 1313 dispersio
1864 1237 2074 1314 signat,

617 1335 789 1410 Quos
830 1334 1017 1394 modo
1058 1351 1163 1410 per
1202 1334 1497 1393 mundum
1541 1334 1756 1394 deuius
1797 1351 1957 1394 error
1995 1336 2152 1413 agit3

614 1434 738 1492 Iste
778 1449 891 1491 nec
932 1431 1033 1492 ille
1074 1432 1209 1492 loco
1249 1430 1478 1492 stabilis
1520 1442 1742 1505 manet,
1786 1433 1975 1493 immo
2015 1434 2274 1494 vicissim

616 1531 693 1590 Se
736 1515 959 1604 mouet,
1004 1540 1064 1589 et
1104 1530 1263 1589 varia
1305 1538 1497 1590 mutat
1536 1529 1760 1606 vbique
1801 1530 1949 1590 loca.

616 1629 715 1688 Sic
756 1629 819 1686 in
860 1627 1110 1687 circuitu
1152 1646 1315 1686 nunc
1353 1627 1623 1687 ambulat
1663 1627 1883 1705 impius
1923 1626 2102 1703 orbis,

616 1727 748 1786 Nec
789 1727 1008 1786 domus
1049 1735 1141 1787 est
1181 1725 1243 1786 in
1284 1743 1405 1803 qua
1448 1744 1571 1786 non
1610 1726 1762 1804 petit
1801 1726 1930 1802 ipse
1970 1727 2210 1802 locum3

616 1825 899 1901 Pauperis
940 1825 1003 1885 in
1044 1825 1246 1901 specie
1288 1823 1401 1884 sibi
1443 1825 1531 1884 sic
1570 1823 1900 1884 elemosina
1940 1825 2155 1901 predas

615 1922 848 1996 Prebet‚
893 1931 953 1982 et
994 1940 1098 1982 ora
1138 1922 1263 1998 lupi
1306 1922 1523 1982 vellere
1562 1922 1752 1980 laruat
1790 1922 1960 1983 ouis:

612 2019 863 2097 Absque
904 2019 1108 2081 labore
1149 2038 1261 2080 suo
1304 2019 1465 2080 bona
1506 2037 1689 2080 nemo
1730 2029 2004 2094 meretur,
2047 2029 2110 2080 et
2150 2038 2290 2098 ergo

612 2119 814 2179 Omne
854 2120 1051 2179 solum
1090 2119 1357 2190 lustrant,
1401 2119 1585 2196 idque
1626 2118 1868 2194 piamen
1909 2118 2151 2178 habent.

616 2218 837 2278 Nescio
878 2217 929 2278 si
972 2235 1185 2294 supera
1226 2215 1340 2276 sibi
1381 2217 1659 2277 clauserit
1699 2217 1852 2276 ostia
1893 2216 2131 2290 celum;

617 2317 740 2375 Dat
778 2333 961 2389 mare,
1005 2315 1152 2375 dant
1193 2332 1463 2391 ampnes,
1506 2324 1756 2391 totaque
1795 2324 1950 2374 terra
1989 2315 2168 2374 viam.

617 2414 761 2473 Hoc
802 2413 953 2490 lego,
998 2413 1166 2489 quod
1208 2430 1338 2472 raro
1378 2412 1590 2473 crescit
1630 2430 1752 2489 que
1792 2430 1938 2489 sepe
1977 2421 2254 2472 mouetur

618 2511 847 2584 Planta,
890 2520 983 2570 set
1021 2529 1095 2570 ex
1135 2511 1318 2570 sterili
1358 2520 1519 2570 sorte
1558 2511 1898 2588 frequenter
1938 2519 2110 2587 eget:

614 2610 757 2669 Non
800 2619 1003 2668 tamen
1044 2618 1137 2669 est
1171 2608 1372 2686 aliqua
1412 2609 1561 2685 quin
1600 2609 1804 2685 regula
1845 2608 1993 2668 fallit
2033 2608 2098 2666 in
2138 2607 2302 2682 orbe,

613 2707 823 2767 Mocio
865 2725 1007 2766 nam
1046 2706 1235 2766 fratris
1276 2723 1543 2766 creseere
1582 2716 1790 2766 musat
1828 2724 2006 2780 eum3

614 2805 771 2864 Nam
813 2822 1199 2882 quocumque
1238 2822 1381 2864 suos
1422 2813 1629 2864 mouet
1668 2804 1769 2864 ille
1809 2821 1914 2881 per
1951 2803 2120 2864 arida
2157 2821 2412 2881 gressuS,

612 2902 886 2962 Mundus
926 2920 1067 2962 eum
1108 2904 1377 2980 sequitur
1414 2911 1476 2963 et
1516 2902 1835 2962 famulatur
1876 2900 1948 2960 ei.

611 3001 696 3060 Vt
737 3001 857 3077 pila
896 3001 1051 3060 facta
1091 3000 1226 3077 pilis
1267 3001 1445 3060 solito
1484 3000 1631 3060 dum
1674 3001 1933 3060 voluitur
1971 2999 2115 3076 ipsis

614 3097 859 3170 Crescit,
903 3108 965 3158 et
1004 3116 1078 3158 ex
1118 3098 1363 3158 modico
1404 3097 1817 3175 magnificatur
1854 3114 2028 3172 opus,

586 3195 725 3270 ¹Sic,
769 3193 869 3255 vbi
912 3213 977 3256 se
1018 3196 1206 3256 voluit
1246 3194 1437 3268 frater,
1482 3194 1594 3254 sibi
1636 3193 1902 3254 mundus
1945 3192 2274 3268 habundat,

612 3292 919 3370 Quicquid
962 3304 1022 3354 et
1064 3293 1192 3369 ipse
1232 3310 1417 3352 manu
1456 3292 1645 3369 tangit
1683 3292 1934 3352 adheret
1974 3291 2066 3351 ei:

608 3391 837 3451 Federa
876 3409 1015 3451 cum
1057 3390 1291 3450 mundo
1330 3407 1439 3450 sua
1476 3390 1655 3448 frater
1691 3398 1962 3466 apostata
2001 3389 2249 3465 stringit,

609 3489 707 3548 Sic
747 3499 811 3549 vt
852 3489 915 3548 in
956 3489 1195 3548 occulto
1235 3489 1355 3548 sint
1395 3487 1567 3565 quasi
1608 3503 1844 3564 semper
1885 3487 2065 3546 idem.

690 3586 903 3646 Multis
944 3596 1035 3646 set
1074 3585 1338 3663 quedam
1378 3585 1627 3645 virtutes
1666 3601 1800 3644 esse
1841 3584 2136 3656 videntur,

608 3683 731 3759 Qui
774 3684 859 3741 nil
900 3683 1131 3744 virtutis
1171 3701 1287 3742 nec
1326 3681 1611 3744 bonitatis
1652 3681 1921 3757 habent3

608 3782 733 3840 Ista
774 3779 1007 3841 dabunt
1047 3799 1278 3855 vocem,
1322 3789 1414 3841 set
1454 3791 1629 3841 erunt
1670 3780 1966 3841 deformia
2005 3789 2226 3853 mente,

608 3880 924 3956 Multaque
965 3880 1114 3940 dum
1154 3879 1307 3939 fiunt
1346 3878 1577 3956 absque
1618 3879 1810 3939 salute
1850 3877 2104 3955 placent.

604 3977 702 4037 Ad
745 3977 931 4042 decus
972 3977 1225 4038 ecclesie
1265 3976 1523 4037 deuocio
1564 3977 1748 4037 seruit
1787 3993 2016 4049 eorum,

606 4074 686 4134 Et
726 4076 906 4135 veluti
951 4075 1213 4152 quedam
1255 4075 1423 4152 signa
1465 4076 1669 4135 salutis
1711 4073 1972 4135 habent:

606 4173 851 4233 Eminet
892 4173 1145 4232 ecclesia
1184 4183 1525 4233 constructa
1565 4172 1679 4232 sibi
1721 4191 1900 4248 super
1939 4189 2170 4246 omnes

608 4271 909 4331 Edificant
948 4282 1145 4348 petras
1186 4271 1539 4348 sculptaque
1578 4271 1740 4347 ligna
1781 4269 2027 4345 fouent;

606 4369 943 4429 Porticibus
982 4369 1184 4428 valuas
1226 4367 1511 4445 operosis,
1556 4368 1721 4442 atria,
1765 4369 1973 4445 quales

605 4466 895 4546 Quotque
936 4477 1114 4544 putas
1152 4467 1447 4528 thalamos
1489 4467 1588 4528 hic
1628 4465 1954 4528 laberintus
1995 4465 2214 4528 habet:

2529 1947 2657 1983 1120

2528 2925 2656 2974 1130

2523 3899 2651 3949 1140
