3434 5142
1127 446 1414 513 LIBER
1472 446 1981 514 SECUNDUS
2572 470 2656 531 97

695 607 854 671 Cum
895 625 1022 671 non
1065 607 1142 668 sit
1181 616 1452 669 nostrum
1493 609 1590 669 vel
1629 610 1843 669 mundi
1882 619 2155 687 tempora
2194 627 2389 685 nosse,

611 706 791 767 Vnde
830 715 1126 767 creaturas
1167 724 1345 767 nosse
1384 705 1616 768 laborat
1656 708 1843 767 homo
1859 708 1889 767 ?

614 804 742 863 Nos
782 803 1003 864 sentire
1041 803 1228 864 fidem
1269 814 1474 865 nostra
1511 804 1753 866 racione
1794 804 2127 881 probatam,

612 900 754 960 Non
797 899 950 961 foret
990 900 1270 961 humanis
1309 900 1534 962 viribus
1573 902 1721 963 illud
1762 919 1933 979 opus.

612 999 970 1059 Humanum
1012 1016 1138 1059 non
1179 1008 1270 1060 est
1311 1016 1464 1076 opus
1504 1008 1568 1061 vt
1609 1000 1992 1060 transcendat
2030 1000 2113 1061 ad
2154 1009 2331 1073 astra,

609 1094 796 1171 Quod
836 1095 1102 1156 mortalis
1143 1095 1330 1157 homo
1369 1114 1494 1157 non
1537 1097 1779 1157 racione
1818 1097 2017 1173 capit:

615 1192 932 1269 Ingenium
973 1202 1142 1255 tante
1181 1194 1391 1255 transit
1431 1194 1664 1254 virtutis
1705 1195 1769 1253 in
1809 1194 2013 1265 altum,

609 1290 983 1351 Transcurrit
1023 1311 1289 1370 super-OS,
1331 1293 1394 1352 in
1438 1292 1660 1354 deitate
1701 1302 1923 1355 manet.

613 1388 736 1464 Qui
779 1389 1077 1467 sapienter
1115 1390 1254 1467 agit,
1299 1390 1489 1467 sapiat
1529 1391 1909 1452 moderanter
1950 1391 2013 1449 in
2050 1389 2201 1463 istis,

611 1484 885 1547 Postulet
923 1496 987 1547 vt
1029 1496 1252 1547 rectam
1293 1488 1482 1567 possit
1522 1485 1746 1550 habere
1787 1486 1989 1548 fidem.
2546 1496 2653 1561 460

611 1582 933 1660 Ingenium
975 1584 1132 1643 mala
1171 1602 1315 1661 sepe
1355 1594 1644 1660 mouent3
1700 1602 1825 1646 non
1864 1602 2051 1647 nosse
2091 1584 2352 1647 virorum

609 1679 720 1739 Est
761 1681 909 1757 quid
951 1681 1012 1740 in
1054 1682 1300 1741 excelsis
1341 1683 1633 1743 construit
1673 1683 1805 1761 ipse
1844 1684 2029 1745 deus:

609 1776 806 1836 Multa
847 1777 1004 1838 viros
1044 1778 1274 1839 nescire
1317 1779 1518 1857 iuuat3
1571 1797 1706 1859 pars
1749 1779 2009 1841 maxima
2048 1796 2245 1840 rerum

609 1872 878 1935 offendit
917 1894 1168 1951 sensus;
1223 1874 1458 1937 sobrius
1499 1894 1640 1955 ergo
1681 1878 1871 1939 sciat:

610 1970 967 2033 Committat
1007 1972 1148 2033 fidei
1189 1974 1356 2049 quod
1397 1992 1522 2034 non
1561 1974 1785 2051 poterit
1824 1974 2069 2048 racioni,

608 2069 795 2145 Quod
836 2088 959 2130 non
1000 2071 1105 2131 dat
1144 2072 1308 2131 racio
1347 2071 1452 2132 det
1492 2071 1607 2131 sibi
1651 2071 1821 2131 firma
1863 2072 2032 2132 fides·

689 2167 872 2229 Adde
915 2168 1117 2243 fidem,
1163 2187 1304 2228 nam
1345 2188 1482 2231 vera
1523 2169 1692 2242 fides,
1734 2170 1902 2248 quod
1945 2186 2070 2229 non
2111 2167 2290 2239 videt,
2332 2167 2518 2242 audit,
2560 2198 2575 2215 ·

610 2265 834 2341 Credit,
877 2277 1091 2345 sperat,
1137 2276 1198 2328 et
1237 2268 1352 2328 hec
1393 2278 1485 2328 est
1525 2268 1637 2344 via,
1681 2268 1819 2341 vita,
1865 2268 2040 2327 salus.

607 2365 977 2440 Argumenta
1019 2365 1170 2425 fides
1212 2364 1317 2425 dat
1354 2384 1551 2426 rerum
1593 2384 1714 2443 que
1756 2383 1957 2443 neque
1996 2364 2132 2426 sciri

609 2460 740 2523 Nec
780 2472 1033 2539 possunt
1073 2472 1279 2524 mente
1319 2481 1431 2523 nec
1473 2464 1714 2523 racione
1754 2462 1923 2539 capi:
2546 2471 2648 2535 4⁵50

607 2559 765 2619 Vera
805 2558 956 2619 fides
996 2560 1287 2638 quicquid
1328 2560 1477 2637 petit
1518 2561 1809 2638 impetrat,
1855 2578 2037 2620 omne
2078 2568 2351 2633 meretur,

612 2656 919 2734 Quicquid
959 2657 1246 2735 possibile
1287 2658 1546 2719 creditur
1586 2658 1716 2734 ipsa
1756 2666 1974 2734 potest.

608 2754 840 2831 Lingua
880 2754 1029 2827 silet,
1073 2772 1199 2814 non
1241 2772 1310 2815 os
1350 2755 1628 2831 loquitur,
1674 2773 1845 2815 mens
1887 2754 2107 2827 deficit,
2151 2754 2308 2815 auris

607 2851 750 2912 Non
789 2852 974 2925 audit,
1019 2851 1204 2912 nichil
1245 2862 1334 2911 est
1377 2852 1474 2911 hic
1516 2852 1632 2912 nisi
1671 2853 1801 2913 sola
1842 2853 2011 2913 fideS.

603 2950 744 3012 Vna
784 2949 931 3027 quid
969 2950 1050 3011 ad
1091 2950 1281 3009 solem
1321 2950 1541 3010 sintina
1579 2950 1753 3025 valet,
1797 2951 1892 3011 vel
1932 2950 2009 3011 ad
2053 2968 2240 3028 equor

607 3047 810 3121 Gutta,
853 3047 948 3107 vel
987 3047 1067 3107 ad
1107 3047 1305 3106 celum
1347 3046 1495 3125 quid
1535 3046 1686 3108 cinis
1729 3066 1861 3108 esse
1901 3048 2139 3125 potest?

607 3145 755 3204 Vult
793 3154 996 3204 tamen
1037 3163 1074 3204 a
1115 3144 1370 3205 modicis
1412 3144 1738 3220 inmensus,
1782 3163 2053 3205 summus
2093 3140 2171 3205 ab
2211 3144 2382 3223 ymis,

603 3242 753 3302 Vult
793 3242 942 3303 deus
981 3260 1019 3303 a
1061 3241 1237 3303 nobis
1279 3243 1496 3303 mentis
1534 3261 1742 3303 >amore
1782 3243 1915 3303 coli.

611 3340 798 3399 Hunc
840 3339 903 3399 in
943 3340 1206 3401 amando
1247 3340 1466 3400 modus
1507 3341 1794 3415 discedat,
1838 3341 2127 3401 terminus
2166 3322 2365 3417 absit}

607 3437 767 3498 Nam
807 3438 970 3497 velut
1009 3446 1099 3499 est
1141 3437 1376 3515 dignus,
1421 3438 1618 3498 nullus
1658 3438 1882 3499 amauit
1924 3457 2081 3498 eum.
2548 3448 2648 3511 480

607 3534 718 3595 Ille
759 3534 936 3595 docet
977 3534 1406 3612 quodcumque
1447 3534 1637 3611 decet,
1681 3546 1772 3596 set
1813 3547 1873 3596 et
1913 3554 2121 3615 aspera
2160 3532 2380 3613 planat,

606 3632 790 3695 Curat
830 3632 1030 3707 fracta,
1073 3633 1238 3710 fugat
1277 3633 1474 3707 noxia,
1517 3631 1683 3711 lapsa
1723 3635 1921 3694 leuat:

608 3733 766 3791 Nam
807 3748 948 3789 crux
990 3740 1050 3789 et
1091 3748 1264 3789 roseo
1304 3730 1524 3809 perfusi
1566 3732 1856 3809 sanguine
1896 3730 2067 3805 claui,

603 3827 870 3905 Expulso
910 3828 1188 3903 Sathana‚
1233 3838 1434 3888 nostra
1475 3828 1638 3888 fuere
1678 3829 1854 3889 salus,

684 3925 958 4003 Quisque
1000 3925 1249 3985 Ihesum
1289 3924 1586 3985 meditans
1628 3925 1939 3986 intendere
1978 3922 2162 3985 debet
2202 3933 2266 3984 vt
2306 3932 2474 3985 aetus

606 4024 889 4102 Deponat
927 4032 1155 4083 veteres
1197 4032 1258 4083 et
1298 4022 1543 4083 meliora
1583 4022 1757 4083 colat.

603 4122 744 4183 Vita
785 4139 891 4198 per
931 4121 1050 4181 hoc
1090 4139 1316 4181 nomen
1356 4120 1531 4182 datur
1571 4119 1872 4193 omnibuS,
1919 4129 1977 4179 et
2018 4116 2323 4181 benedicti

603 4216 856 4303 Absque
895 4219 1081 4281 Ihesu
1123 4218 1254 4279 solo
1295 4219 1540 4279 nomine
1581 4236 1763 4279 nemo
1803 4210 2019 4297 potest.

1015 4412 1110 4462 451
1130 4398 1164 4449 f.
1191 4413 1354 4449 nosce
1375 4397 1466 4449 (ΣΕ
1674 4400 1770 4462 461
1806 4412 1966 4449 nosce
1989 4396 2077 4448 CE

525 4504 673 4543 *0⁸¹0
1518 4523 1568 4567 H
