3434 5142
761 354 886 432 362
1335 346 1397 411 ο
1458 341 1704 410 DEus
1764 339 2209 410 1MMENsE
2256 359 2403 408 εκ.

837 636 1102 692 Carmen
1127 633 1290 705 quod
1315 631 1640 689 Iohanne·
1673 631 1901 688 Gova-
1932 629 2133 686 adhuc
2160 629 2392 686 vinens
2416 643 2606 700 nuper
2628 628 2975 699 principum

765 723 1067 794 regimine
1091 722 1318 778 vltimo
1343 720 1716 790 composuit.

1137 859 1302 903 nnus
1343 841 1653 914 immense,
1698 837 1814 900 sub
1854 857 1979 916 quo
2018 835 2406 900 dominantur
2443 835 2509 897 in
2548 856 2692 898 ense

1138 938 1406 1016 Quidam
1447 936 1670 998 morosi
1711 938 1927 1014 Reges,
1970 934 2219 1013 quidam
2258 933 2481 1009 viciosi,

929 1035 1282 1116 Disparibus
1324 1033 1546 1097 meritis
1588 1032 1674 1095 sic
1715 1053 1832 1112 pax
1871 1032 1957 1093 sic
2000 1031 2198 1092 mocio
2238 1031 2357 1092 litis

929 1135 1180 1196 Publica
1221 1152 1536 1212 regnorum
1577 1130 1959 1192 manifestant
1998 1141 2165 1208 gesta
2204 1148 2486 1190 suorum:

930 1232 1240 1311 Quicquid
1281 1231 1535 1292 delirant
1577 1231 1793 1307 RegeS,
1836 1229 2179 1306 plectuntur
2217 1225 2454 1301 Achiui,

929 1334 1092 1407 Quo·
1115 1332 1273 1390 mala
1311 1327 1614 1407 respirant,
1659 1325 1760 1387 vbi
1802 1345 1999 1387 mores
2040 1335 2179 1385 sunt
2217 1323 2467 1402 fugitiui.

930 1429 1090 1488 Laus
1132 1437 1194 1488 et
1233 1427 1427 1486 honor
1467 1426 1706 1502 Regum
1746 1425 1901 1484 foret
1940 1421 2291 1484 obseruacio
2330 1425 2547 1500 legum,
2624 1473 2631 1476 .

931 1527 1032 1588 Ad
1074 1545 1222 1604 quas
1264 1522 1437 1586 iurati
1479 1533 1619 1583 sunt
1658 1520 1851 1602 prima
1891 1532 2050 1582 sorte
2090 1519 2323 1582 vocati:

930 1625 1016 1682 Vt
1059 1625 1278 1684 celeste
1319 1622 1549 1683 bonum
1591 1631 1740 1700 puto
1782 1617 2105 1679 concilium
2146 1619 2277 1678 fore
2314 1619 2563 1691 donum,

931 1721 1074 1794 Quo
1115 1717 1276 1796 prius
1317 1715 1381 1777 in
1422 1715 1588 1778 terris
1629 1736 1745 1796 pax
1786 1715 2039 1776 contulit
2080 1715 2287 1776 oscula
2324 1713 2583 1792 guerris:
2916 1737 2981 1771 10

930 1815 1266 1878 Consilium
1307 1814 1558 1893 dignum
1601 1815 1833 1892 Regem
1874 1811 2013 1873 facit
2054 1831 2185 1872 esse
2226 1811 2570 1890 benignum,

935 1916 1045 1973 Est
1083 1912 1252 1974 aliter
1291 1911 1528 1991 signum
1570 1931 1693 1990 quo
1734 1908 2023 1989 spergitur
2063 1929 2245 1970 omne
2288 1907 2630 1988 malignum.

935 2011 1010 2070 In
1051 2008 1318 2071 bonitate
1359 2029 1530 2089 pares
1572 2019 1767 2070 sumat
1804 2005 1918 2068 sibi
1958 2006 2300 2068 consiliaros

934 2108 1067 2166 Rex
1108 2107 1322 2181 bonuS,
1366 2119 1426 2168 et
1467 2117 1686 2167 cuncta
1726 2103 1969 2166 venient
2009 2103 2126 2165 sibi
2166 2123 2448 2182 prospera
2488 2098 2728 2164 iuncta:

933 2203 1057 2281 Qui
1097 2204 1244 2283 regit
1284 2214 1599 2283 optentum
1641 2204 1720 2265 de
1760 2200 2010 2263 consilio
2052 2201 2389 2280 sapientum

935 2302 1232 2379 Regnum,
1277 2321 1401 2362 non
1443 2301 1590 2362 ledit
1631 2310 1723 2360 set
1761 2297 1842 2360 ab
1883 2299 2050 2360 omni
2089 2299 2225 2359 labe
2266 2297 2525 2360 recedit:

933 2397 1270 2460 Consilium
1311 2409 1534 2459 tortum
1574 2400 1769 2458 scelus
1809 2416 1990 2458 omne
2030 2395 2293 2458 refundit
2332 2397 2609 2457 abortum

934 2493 1116 2571 Regis
1157 2493 1220 2554 in
1261 2514 1536 2568 errorem,
1580 2493 1746 2572 regni
1786 2513 1910 2572 quo
1950 2493 2145 2572 perdit
2184 2513 2467 2554 amorem.

931 2595 950 2623 ‘
971 2592 1065 2651 Ve
1105 2589 1211 2669 qui
1249 2589 1548 2669 predariS,'
1587 2591 1834 2651 Ysaias
1876 2593 2093 2651 clamat
2134 2590 2326 2651 auaris
2346 2612 2364 2665 3

933 2687 1033 2749 Sic
1073 2689 1266 2750 verbis
1308 2688 1479 2749 claris
1521 2688 1784 2767 loquitur
1822 2688 1932 2749 tibi
1974 2687 2079 2767 qui
2120 2687 2461 2750 dominaris.
2914 2714 2983 2749 πο

937 2787 1070 2847 Rex
1111 2786 1215 2864 qui
1255 2787 1389 2865 plus
1430 2807 1640 2848 aurum
1682 2787 1891 2867 populi
1933 2807 2115 2866 quam
2156 2789 2340 2849 corda
2379 2789 2722 2849 thesaurum

935 2885 1281 2962 Computat,
1325 2905 1363 2945 a
1402 2896 1605 2946 mente
1645 2884 1854 2964 populi
1894 2885 2057 2946 cadit
2097 2885 2225 2966 ipse
2264 2897 2525 2964 repente.

935 2982 1025 3042 Os
1066 2981 1168 3042 vbi
1208 2984 1444 3060 vulgare
1486 3002 1610 3042 non
1651 2984 1835 3044 audet
1874 2983 2056 3044 verba
2096 3003 2323 3057 sonare,

937 3080 1065 3139 Stat
1107 3078 1293 3156 magis
1335 3079 1590 3140 obscura
1629 3079 1743 3140 sub
1786 3099 2087 3141 murmure
2128 3100 2299 3141 mens
2339 3083 2650 3158 loqutura:

938 3179 1077 3252 Que
1119 3186 1318 3254 stupet
1358 3175 1422 3236 in
1461 3176 1604 3238 villa
1643 3176 1829 3238 cicius
1872 3179 2041 3256 plebs
2082 3189 2411 3240 murmurat
2450 3177 2567 3252 illa,

936 3275 1118 3335 Vnde
1159 3276 1382 3334 malum
1426 3273 1652 3347 crescit,
1697 3274 1934 3353 sapiens
1976 3295 2099 3352 quo
2142 3295 2283 3353 sepe
2324 3274 2607 3353 pauescit.

937 3372 1047 3431 Est
1087 3369 1195 3430 tibi
1235 3371 1604 3431 credendum
1645 3391 1913 3431 murmur
1952 3372 2093 3432 satis
2133 3392 2263 3434 esse
2304 3372 2681 3447 timendum;

937 3469 1098 3529 Cum
1139 3467 1214 3529 sit
1255 3487 1595 3542 commune,
1641 3479 1786 3529 tunc
1827 3479 1887 3530 te
1928 3489 2106 3548 super
2146 3469 2351 3530 omnia
2392 3489 2590 3530 mune.

937 3565 1170 3644 Lingua
1210 3565 1417 3644 nequit
1459 3566 1566 3628 sari
1607 3569 1781 3642 mala,
1827 3587 1930 3628 cor
1969 3587 2082 3628 nec
2123 3566 2518 3646 premeditari,

937 3666 1075 3739 Que
1117 3677 1283 3742 parat
1323 3663 1562 3742 obliqus
1603 3665 1718 3726 sub
1758 3665 1968 3726 fraude
2009 3666 2254 3727 dolosus
2294 3663 2559 3728 amicus:
2916 3689 2987 3737 30

939 3762 1210 3821 Mundus
1251 3761 1361 3822 erit
1400 3761 1583 3835 testis,
1626 3761 1715 3822 vir
1756 3761 1888 3824 talis
1928 3773 1992 3822 vt
2030 3763 2215 3824 altera
2253 3762 2435 3842 pestis

937 3857 1140 3918 Inficit
1178 3861 1417 3920 occulto
1458 3880 1706 3938 regnum
1749 3863 1827 3922 de
1868 3859 2116 3922 crimine
2157 3863 2364 3924 multo·

939 3957 1205 4016 Blandus
1245 3959 1518 4020 adulator
1556 3968 1619 4020 et
1657 3977 1873 4020 auarus
1914 3957 2271 4032 consiliator,

839 4097 853 4123 ‘
871 4094 920 4142 Ο
944 4095 1074 4143 deus
1096 4093 1346 4145 immense
1361 4097 1375 4117 '
1401 4101 1493 4148 διε.
1575 4097 1695 4148 Text
1711 4099 1779 4162 of
1787 4098 1842 4162 S,
1870 4097 2075 4148 collected
2091 4099 2208 4149 wius
2232 4099 2329 4148 CH

847 4172 967 4222 Tu'ele
996 4172 1218 4222 Carmen
1253 4175 1388 4236 quod
1431 4175 1692 4228 Iohannes
1730 4175 1923 4226 Gower
1956 4183 2192 4240 tempore
2230 4177 2370 4242 regis
2406 4176 2635 4243 Ricardi,
2674 4175 2793 4228 dum
2830 4177 2979 4244 vixit,

773 4252 956 4300 vltimo
979 4250 1267 4312 composuit
1289 4251 1440 4302 CHG

835 4329 904 4380 28
929 4343 1144 4380 comune
1169 4328 1206 4380 S
