3434 5142
1195 460 1483 526 LIBER
1543 460 1912 527 PRIMUS
2568 484 2654 546 39

608 623 956 683 Musoerum
996 618 1247 681 veniens
1287 620 1563 697 princeps
1604 622 1930 683 excercitus
1971 620 2148 681 huius

609 717 913 779 Belzebub
954 717 1225 792 accessit,
1270 718 1505 796 heeque
1545 729 1834 797 sequntur
1873 736 2052 781 eum:
2550 728 2654 781 σεο

610 818 703 877 Ex
744 819 905 879 vario
944 834 1164 895 genere
1204 834 1547 877 muscarum
1588 826 1736 877 tunc
1774 818 2030 877 variatur

610 918 789 991 Pena,
834 934 953 994 que
994 916 1247 976 diuersis
1287 914 1435 975 dant
1476 924 1842 975 nocumenta
1881 915 2118 977 modist

612 1016 751 1075 Hec
792 1013 939 1087 ferit,
985 1012 1084 1073 illa
1124 1012 1295 1089 rapit,
1339 1012 1453 1073 hec
1494 1012 1730 1073 mor‘det
1771 1023 1832 1073 et
1871 1013 2056 1073 altera
2095 1014 2323 1090 pungit,

611 1113 751 1174 Hec
790 1113 962 1174 saltat
1001 1129 1123 1189 que
1164 1130 1273 1173 sua
1312 1112 1393 1172 de
1432 1112 1695 1189 pugione
1736 1121 1934 1172 nocet.

690 1212 907 1271 Musca
944 1209 1141 1287 grauis
1180 1208 1383 1286 pestiS,
1426 1226 1547 1286 qua
1588 1209 1752 1269 nulla
1793 1209 2066 1270 nociuior
2104 1227 2367 1287 vnquam

609 1308 838 1382 Extitit,
880 1319 985 1369 aut
1026 1308 1259 1367 mundo
1298 1308 1433 1385 plus
1472 1306 1736 1367 violenta
1775 1307 1940 1369 lues:

608 1407 806 1467 Tanta
844 1406 955 1466 fuit
994 1404 1190 1466 rabies
1230 1414 1431 1465 tantus
1472 1406 1790 1483 feruorque
1829 1404 1968 1479 diei,

609 1506 805 1565 Tutus
843 1515 906 1565 vt
946 1504 1009 1564 in
1050 1504 1217 1564 nullo
1260 1504 1393 1581 quis
1436 1502 1593 1564 valet
1632 1520 1766 1565 esse
1807 1502 1960 1563 loco,

612 1602 701 1661 Ex
744 1603 933 1662 nimio
974 1620 1180 1663 musce
1220 1600 1423 1661 subito
1462 1601 1696 1661 feruore
1735 1601 2057 1674 calescunt,
2353 1660 2358 1663 .

611 1703 781 1777 Quas
821 1701 983 1779 prius
1025 1701 1317 1778 oppressit
1356 1717 1511 1760 cana
1550 1701 1762 1776 pruina
1799 1700 1972 1776 gelu:
2553 1707 2653 1759 620

610 1799 707 1859 Sic
746 1799 909 1859 calor
951 1797 1153 1858 estatis
1193 1796 1395 1858 subito
1436 1797 1669 1858 feruore
1710 1814 1818 1874 per
1855 1814 2028 1873 agros

609 1897 850 1973 Spersit,
892 1915 1103 1975 yemps
1144 1896 1387 1957 modica
1425 1913 1575 1973 quas
1614 1894 1870 1956 retinere
1911 1894 2082 1956 solet.

610 1994 669 2057 Ο
710 2013 803 2056 res
844 1994 994 2054 mira
1034 1994 1229 2068 nimis,
1272 2011 1421 2071 vaga
1461 1994 1731 2070 dumque
1771 1993 2002 2053 locusta
2035 1991 2284 2053 ,labores

611 2093 661 2152 F
662 2092 885 2154 ormice
926 2093 1196 2170 proprios
1236 2091 1515 2153 vendicat
1555 2108 1688 2151 esse
1729 2094 1906 2151 suos!

613 2191 669 2252 Ο
710 2209 803 2251 res
844 2192 993 2250 mira
1032 2190 1229 2263 nimis,
1272 2208 1413 2249 cum
1455 2206 1665 2249 musoe.
1702 2188 1972 2266 rapacior
2011 2189 2178 2249 omni

612 2290 764 2350 Niso
803 2289 883 2350 de
922 2289 1123 2367 predis
1164 2290 1354 2349 seruet
1394 2286 1617 2369 vbique
1657 2288 1816 2349 suis!

611 2384 668 2445 Ο
708 2402 802 2444 res
842 2384 992 2443 mira
1032 2382 1227 2456 nimiS‚
1270 2382 1515 2459 pennati
1556 2381 1804 2460 quando
1846 2380 2105 2458 superbe

612 2480 873 2541 Pauonis
914 2480 1133 2541 fastum
1174 2480 1417 2541 sordida
1456 2498 1665 2539 musca
1704 2479 1876 2540 tulit!

613 2579 669 2640 Ο
710 2597 803 2639 res
844 2578 994 2639 mira
1034 2578 1229 2652 nimis
1275 2596 1417 2637 curn
1459 2579 1535 2638 sit
1575 2577 1836 2639 velocior
1875 2576 1985 2637 alis

613 2679 828 2737 Musca
867 2676 1077 2737 volans
1118 2676 1399 2750 minimis,
1443 2694 1627 2754 quam
1667 2676 1746 2737 sit
1785 2675 2022 2736 Alauda
2061 2674 2220 2735 suis!
2554 2683 2655 2747 630

610 2775 669 2838 Ο
709 2794 803 2836 res
844 2776 994 2835 mira
1033 2774 1227 2851 nimis,
1272 2776 1420 2837 dum
1461 2774 1685 2835 viribus
1726 2784 1908 2852 atque
1947 2774 2148 2834 volatu

612 2871 847 2934 Debilis
886 2882 1202 2951 attemptat
1242 2873 1481 2934 vincere
1522 2890 1730 2933 musca
1768 2874 2011 2951 gruem!

610 2972 667 3032 Ο
710 2990 803 3032 res
844 2971 991 3031 mira
1032 2972 1227 3043 nimis,
1268 2970 1533 3049 aquilam
1575 2970 1724 3032 dum
1767 2986 1974 3030 musca
2014 2985 2354 3045 supremam

614 3069 904 3145 Precellit,
947 3087 1068 3148 que
1110 3086 1287 3130 suum
1328 3069 1511 3147 spirat
1550 3067 1773 3129 habere
1813 3066 2102 3145 gradum!

694 3218 833 3279 Hec
875 3226 1000 3278 erat
1042 3217 1140 3277 illa
1179 3217 1327 3291 dies,
1373 3235 1493 3295 que
1534 3234 1773 3277 muscas
1815 3214 1998 3276 dente
2038 3212 2282 3274 oeninas

614 3315 799 3389 Misit,
842 3325 904 3376 et
946 3334 1019 3376 ex
1057 3314 1225 3375 viciis
1266 3314 1627 3376 conviciauit
1668 3314 1958 3374 humum:

614 3414 752 3475 Hec
792 3423 917 3475 erat
958 3414 1059 3474 illa
1098 3414 1244 3488 dies,
1290 3432 1411 3491 qua
1451 3413 1549 3473 vix
1589 3412 1826 3473 fortuna
1865 3407 2126 3483 iuuabat,

611 3512 724 3572 Vel
765 3510 900 3571 loca
939 3530 1059 3589 que
1098 3530 1306 3571 musoe
1348 3520 1590 3588 tangere
1629 3509 1796 3569 nulla
1835 3516 2069 3586 potest:

615 3612 755 3669 Hec
794 3619 919 3671 erat
959 3610 1059 3669 illa
1100 3610 1248 3685 dies,
1293 3608 1465 3670 asino
1508 3606 1834 3669 dextrarius
1875 3606 1937 3665 in
1980 3624 2100 3683 qua

614 3705 959 3781 Succubuit,
1003 3726 1122 3785 que
1164 3724 1275 3767 suo
1316 3707 1507 3768 victus
1548 3706 1780 3766 honore
1820 3712 2016 3765 caret:
2553 3709 2654 3774 640

615 3806 753 3865 Hec
794 3814 919 3865 erat
960 3805 1058 3865 illa
1099 3806 1245 3879 dies,
1292 3806 1354 3864 in
1396 3823 1517 3882 qua
1556 3804 1679 3865 fera
1720 3803 1905 3863 corda
1943 3802 2190 3862 leonum

611 3902 979 3977 Subduntur,
1023 3922 1145 3981 que
1188 3903 1375 3964 boum
1416 3920 1619 3981 pressa
1659 3902 1861 3979 vigore
1899 3909 2158 3977 pauent:

614 4000 753 4063 Hec
794 4012 917 4062 erat
958 4002 1059 4062 illa
1100 4002 1245 4077 dies,
1291 4020 1411 4080 qua
1451 4020 1669 4079 porcus
1711 4000 1988 4062 sordidus
2028 4014 2240 4060 omnes

610 4100 800 4160 Sorde
842 4120 949 4160 sua
990 4101 1253 4163 mundos
1292 4098 1757 4161 commaculauit
1797 4116 2003 4175 agros:

612 4198 753 4259 Hec
793 4208 918 4259 erat
958 4199 1060 4261 illa
1098 4200 1246 4274 dies,
1288 4199 1457 4261 canis
1496 4199 1561 4259 in
1601 4216 1723 4278 qua
1763 4196 1980 4257 forcior
2017 4213 2153 4255 vrso

441 4457 477 4505 h
510 4378 615 4443 609
645 4378 903 4507 excercitus
924 4378 1080 4429 huius
1102 4379 1145 4429 C
1216 4379 1478 4429 exercitus
1501 4376 1614 4428 eius
1640 4376 1687 4425 D
1881 4376 1984 4425 610
2018 4370 2311 4424 Beelzebub
2333 4370 2376 4421 C
2555 4370 2656 4419 622

479 4470 673 4520 50¹⁰?ss
