3434 5142
1197 464 1481 529 LIBER
1543 464 1906 528 PRIMUS
2059 524 2061 527 Α
2574 486 2650 545 77

607 624 1003 701 Attigeram
1046 633 1347 700 portum,
1391 633 1568 700 portu
1608 620 1870 683 terrebar
1909 622 1988 683 ab
2031 622 2180 699 ipse,

607 723 751 782 Plus
795 721 979 782 habet
1021 721 1239 783 infesta
1278 732 1431 781 terra
1472 721 1701 782 timoris
1743 739 1922 798 aqua.

608 820 705 879 Sic
746 819 937 895 magis
977 818 1040 877 in
1082 819 1252 879 terris
1292 818 1491 879 dubiis
1534 819 1785 878 iactatus
1827 828 1888 877 et
1929 817 2120 893 vndiS,

608 917 834 977 Nescio
876 934 1001 993 quo
1040 934 1287 993 possum
1328 926 1493 976 tutus
1534 914 1758 977 habere
1799 916 2036 993 sugam:
2109 956 2120 965 ·

609 1015 709 1075 Sic
750 1015 927 1074 simul
968 1015 1201 1076 insidiis
1243 1016 1559 1075 hominurn
1600 1014 1917 1091 pelagique
1957 1010 2181 1087 labore,

610 1113 689 1172 Et
730 1112 955 1172 faciunt
995 1112 1269 1189 geminos
1308 1112 1469 1172 ensis
1508 1122 1570 1172 et
1610 1110 1772 1170 vnda
1813 1121 2026 1170 metuS.

610 1210 737 1272 Cur
776 1229 889 1288 ego
931 1220 1021 1271 tot
1059 1210 1291 1287 gladios
1332 1210 1493 1287 sugii,
1539 1210 1892 1285 tociensque
1932 1209 2158 1269 minata

608 1306 827 1368 Obruit
868 1306 1073 1369 infelix
1112 1308 1277 1368 nulla
1317 1307 1577 1384 procella
1616 1308 1842 1383 caput?

609 1406 741 1465 Iam
780 1423 919 1465 mea
958 1424 1097 1482 spes
1138 1406 1327 1482 periit,
1372 1406 1474 1465 tali
1516 1404 1664 1464 dum
1706 1423 1834 1465 sors
1875 1421 2010 1465 mea
2051 1414 2243 1481 portu,

606 1504 717 1563 Est
758 1500 859 1563 vbi
902 1503 1067 1562 nulla
1108 1504 1298 1580 quies,
1345 1502 1516 1563 duxit
1558 1501 1780 1562 habere
1823 1519 2070 1561 moram.
2521 1524 2652 1561 2000

606 1602 863 1679 Fugerat
902 1620 1006 1661 ore
1046 1602 1228 1675 color,
1274 1602 1497 1661 macies
1538 1598 1902 1660 subduxerat
1941 1609 2120 1675 artua

609 1699 939 1761 Sumebant
981 1700 1267 1760 minimos
1309 1718 1413 1763 ora
1454 1696 1701 1759 subacta
1744 1696 1950 1771 cibos;

606 1798 813 1875 thue
850 1798 973 1858 leui
1014 1797 1273 1873 Zephiro
1311 1796 1557 1875 graciles
1598 1794 1906 1857 vibrantur
1944 1794 2139 1869 ariste,

608 1895 845 1973 Frigida
884 1895 1175 1972 populeas
1216 1906 1279 1955 vt
1318 1896 1511 1972 quatit
1551 1912 1695 1955 aura
1733 1912 1957 1965 comaS,

608 1994 859 2071 Pergere
898 2012 1041 2053 cum
1081 1994 1261 2068 volui,
1305 1994 1592 2071 tremulus
1634 1992 1822 2069 magis
1864 1991 1992 2068 ipse
2033 1988 2320 2063 iacebam,

608 2090 689 2150 Et
729 2090 902 2151 dolor
944 2091 1007 2149 in
1048 2090 1231 2151 corde
1274 2090 1650 2167 parturientis
1692 2100 1854 2151 erat:

609 2188 708 2247 Sic
749 2205 863 2265 ego
904 2188 1175 2265 dumque
1217 2206 1448 2265 queror,
1492 2187 1736 2246 lacrime
1776 2203 1912 2245 mea
1953 2183 2134 2245 verba
2175 2194 2482 2264 sequntur,

608 2288 827 2363 Deque
856 2286 1019 2353 ‚meis
1062 2286 1253 2347 oculis
1294 2296 1448 2345 terra
1488 2286 1712 2362 recepit
1753 2302 1994 2361 aquam.

604 2385 839 2445 Viderit
880 2386 993 2448 ista
1034 2385 1183 2445 deus
1224 2386 1328 2461 qui
1372 2402 1532 2443 nunc
1574 2401 1709 2443 mea
1751 2392 1992 2459 pectora
2031 2392 2262 2456 versat3

608 2481 835 2543 Nescio
870 2482 1017 2560 quid
1059 2483 1227 2542 terris
1268 2500 1440 2542 mens
1482 2500 1615 2541 mea
1658 2480 1850 2539 maius
1890 2491 2061 2556 agat:
2523 2499 2652 2538 2010

607 2580 707 2639 Sic
748 2580 963 2639 iterum
1002 2580 1187 2641 corde
1226 2580 1465 2641 nouiter
1502 2588 1838 2656 spasmatus
1877 2576 1956 2637 ab
1997 2577 2150 2639 infra

610 2676 685 2736 In
727 2686 943 2737 terram
982 2678 1175 2738 cecidi
1216 2677 1424 2738 mortis
1464 2676 1543 2737 ad
1585 2676 1769 2735 instar
1807 2692 1938 2751 eg0.

606 2774 883 2836 Tandem
927 2786 1189 2852 cumque
1228 2776 1437 2835 leuans
1478 2773 1685 2834 oculos
1727 2781 1788 2831 et
1829 2789 2046 2847 corpus
2085 2769 2165 2831 ab
2205 2789 2348 2847 ymo

608 2872 805 2947 Erexi,
849 2874 971 2933 vidi
1013 2884 1150 2951 post
1190 2882 1253 2933 et
1292 2882 1609 2948 vtrumque
1650 2870 1820 2941 latuS,

612 2969 777 3031 Ecce
818 2971 1002 3031 nichil
1043 2972 1282 3048 penitus
1324 2970 1530 3042 suerat,
1574 2969 1736 3029 velut
1779 2966 1984 3028 vmbra
2025 2978 2115 3029 set
2156 2967 2356 3031 omnis

611 3066 817 3129 Turba
858 3087 977 3146 que
1018 3069 1191 3129 nauis
1230 3066 1419 3142 abest,
1464 3068 1627 3127 solus
1668 3076 1729 3126 et
1771 3066 1900 3144 ipse
1940 3066 2043 3125 fui.

612 3166 773 3228 Cum
815 3186 916 3228 me
955 3168 1245 3244 perpendi
1288 3167 1501 3239 solum,
1546 3165 1734 3243 magis
1775 3163 1938 3225 vnde
1978 3160 2278 3237 dolebam,

610 3264 707 3323 Fit
747 3264 1127 3325 contristatus
1170 3264 1408 3340 spiritus
1449 3273 1632 3339 atque
1672 3279 1864 3330 meus,

610 3360 752 3439 Ipsa
792 3362 977 3423 michi
1016 3362 1217 3423 subito
1258 3382 1375 3423 vox
1413 3360 1617 3433 celica,
1663 3378 1846 3437 quam
1889 3360 2050 3435 prius
2091 3359 2220 3435 ipse

609 3458 953 3532 Audieram,
997 3457 1163 3520 verbi
1206 3478 1373 3520 more
1414 3458 1721 3535 sequentis
1761 3457 1865 3517 ait.
2521 3480 2652 3516 2020

694 3558 711 3589 ‘
728 3556 831 3617 Nil
873 3556 983 3617 tibi
1024 3558 1266 3618 tristicia
1307 3558 1576 3631 confert;
1616 3555 1665 3615 si
1707 3555 1972 3632 dampna
2012 3572 2119 3630 per
2158 3550 2366 3615 orbem

611 3652 975 3715 Circuiendo
1017 3674 1181 3715 mare
1220 3665 1283 3716 te
1324 3654 1593 3714 timuisse
1632 3654 1838 3729 liquet,

612 3750 813 3811 Immo
855 3750 963 3811 tibi
1005 3753 1215 3829 pocius
1255 3752 1443 3812 modo
1484 3751 1821 3829 prouideaS,
1866 3750 2010 3826 quia
2052 3748 2282 3809 discors

613 3848 818 3908 Insula
860 3859 921 3912 te
960 3851 1137 3926 cepit,
1181 3869 1297 3927 pax
1337 3848 1439 3912 vbi
1482 3868 1613 3909 raro
1652 3856 1877 3909 manet.

524 3994 535 4002 .
610 3947 702 4007 Te
742 3948 941 4007 minus
982 3966 1123 4026 ergo
1163 3948 1340 4009 decet
1381 3947 1721 4008 mundanos
1761 3947 1912 4007 ferre
1951 3945 2205 4018 laboreS,

609 4044 871 4104 Munera
912 4063 1053 4104 nam
1080 4045 1344 4105 mundus
1386 4046 1549 4107 nulla
1588 4043 1809 4121 quietis
1851 4040 2072 4105 habet:

614 4140 677 4200 Si
719 4139 829 4201 tibi
869 4160 1077 4219 guerra
1118 4143 1260 4203 foris
1300 4152 1515 4219 pateat,
1561 4152 1764 4201 tamen
1807 4139 2075 4201 interiori

608 4239 783 4314 Pace,
828 4239 1073 4301 iuuante
1113 4240 1251 4315 dec,
1294 4250 1355 4304 te
1396 4240 1700 4317 pacienter
1740 4235 1914 4305 habe.

516 4382 645 4431 1994
675 4368 869 4431 possim
893 4370 940 4417 D
1049 4386 1183 4419 ωιο
1205 4370 1371 4433 magis
1395 4368 1537 4418 EDT
1652 4383 1784 4431 ων]
1818 4368 1942 4419 inde
1963 4366 2052 4419 ΟΕ
2173 4382 2304 4418 2022
2338 4366 2652 4417 circuiendo

442 4444 590 4499 ΒΗΤ
652 4445 982 4498 circueundo
1002 4446 1147 4499 CED
