3434 5142
811 476 893 535 28
1526 469 1725 539 VOX
1779 471 2322 539 CLAMANTIS

976 633 1188 696 Cauda
1228 652 1341 695 suo
1380 632 1559 711 capiti
1601 635 1744 711 quia
1783 651 1850 694 se
1889 632 2160 694 conferre
2200 632 2507 711 nequibat,

976 733 1203 794 Contra
1242 742 1515 792 naturam
1556 742 1715 792 sorte
1755 731 1998 809 requirit
2037 749 2235 809 opem.

978 832 1355 907 Attemptant
1395 830 1571 908 igitur
1611 830 1774 903 fatui,
1817 830 2078 907 poterint
2118 840 2182 889 vt
2221 829 2387 891 aselli

981 928 1165 1005 Quod
1211 938 1421 988 natura
1460 937 1621 989 vetat
1660 927 2024 1005 amplificare
2066 927 2216 987 sibi:
2927 950 3023 987 210

980 1029 1181 1102 Quam
1226 1025 1341 1086 sibi
1382 1025 1674 1103 plantauit
1714 1026 1971 1086 caudam
2013 1026 2116 1103 qui
2157 1026 2413 1087 contulit
2453 1042 2626 1086 aures

982 1124 1125 1185 Non
1166 1134 1395 1198 curant,
1440 1132 1531 1184 set
1572 1140 1707 1184 eam
1750 1122 1926 1183 vilius
1967 1142 2103 1183 esse
2141 1134 2372 1201 putant.

1060 1221 1323 1302 Voluere
1364 1222 1531 1299 plura
1572 1221 1725 1282 solet
1764 1222 1950 1281 animi
1991 1222 2314 1282 meditacio
2355 1222 2552 1295 stulta,

980 1321 1120 1396 Que
1161 1320 1353 1398 magis
1393 1320 1732 1398 impediunt
1772 1338 1955 1397 quam
1999 1338 2107 1380 sua
2146 1331 2287 1381 vota
2327 1320 2561 1381 serunt:

980 1418 1213 1480 Omnes
1254 1420 1513 1479 stulticia
1550 1420 1751 1479 stultis
1792 1420 1996 1479 innata
2036 1419 2277 1480 dolores

982 1517 1253 1590 Parturit,
1293 1528 1353 1578 et
1394 1517 1578 1579 finem
1618 1526 1840 1595 prestat
1879 1516 2104 1579 habere
2141 1517 2383 1577 malum.

982 1615 1241 1693 Magnos
1282 1634 1499 1693 magna
1537 1615 1758 1676 decent
1798 1625 1859 1676 et
1899 1634 2116 1693 paruos
2156 1634 2356 1694 parua,
2401 1626 2492 1677 set
2533 1616 2634 1691 illi,

986 1713 1111 1789 Qui
1152 1724 1291 1773 sunt
1332 1714 1411 1772 de
1451 1714 1732 1787 minimis,
1774 1712 2022 1791 grandia
2063 1714 2212 1774 serre
2251 1714 2477 1774 volunt.

982 1812 1165 1872 Mens
1205 1811 1389 1871 oritur
1428 1809 1645 1886 subito,
1688 1811 2002 1871 diuturnos
2043 1830 2163 1889 que
2203 1821 2371 1889 parat
2411 1820 2597 1886 actus,

982 1908 1205 1986 Incipit
1243 1919 1307 1969 et
1345 1909 1556 1970 leuiter
1596 1926 1717 1987 que
1756 1910 1888 1970 sine
1927 1910 2050 1971 fine
2087 1920 2370 1986 granant:
2929 1931 3026 1967 220

982 2006 1083 2067 Sic
1120 2007 1270 2067 asini
1314 2008 1475 2082 fatui,
1520 2026 1673 2085 quos
1713 2008 1900 2067 fastus
1939 2008 2220 2081 concitat,
2265 2007 2432 2068 omni

983 2104 1323 2183 Postposita
1363 2106 1494 2183 lege
1534 2106 1780 2166 condita
1819 2106 1947 2165 iura
1988 2115 2224 2183 negant.

984 2204 1122 2263 Hos
1164 2204 1545 2281 intemperies
1584 2203 1671 2263 sic
1710 2204 1863 2263 aeris
1905 2202 2226 2276 inficiebat,

984 2299 1172 2376 Quod
1213 2301 1609 2361 transformati
1651 2311 1792 2361 sunt
1835 2300 2008 2379 quasi
2049 2311 2317 2361 monstra
2357 2301 2578 2363 michi:

981 2397 1243 2458 Auribus
1286 2398 1348 2457 in
1389 2398 1583 2476 longis
1622 2400 1794 2476 potui
1836 2418 1990 2477 quos
2031 2417 2280 2460 noscere
2321 2399 2553 2461 dudum

986 2496 1060 2554 In
1103 2495 1311 2555 frontis
1352 2496 1557 2557 medio
1596 2514 1826 2556 cornua
1865 2497 2046 2573 longa
2084 2508 2313 2573 gerunt.

987 2593 1099 2654 Ille
1142 2593 1345 2670 biceps
1385 2593 1619 2671 gladius
1662 2613 1787 2654 non
1829 2594 2050 2655 scindit
2091 2594 2310 2656 sorcius
2353 2596 2482 2668 illis,

983 2690 1263 2752 Vulneris
1305 2701 1487 2768 atque
1528 2692 1672 2752 noui
1715 2691 1846 2752 susa
1887 2710 2098 2753 cruore
2139 2690 2402 2754 madent.

985 2788 1107 2865 Qui
1150 2788 1229 2849 de
1272 2799 1482 2849 natura
1524 2790 1673 2867 pigri
1715 2790 1948 2851 tardare
1989 2788 2282 2864 solebant,

984 2883 1340 2943 Precurrunt
1380 2883 1572 2944 ceruis
1612 2883 1691 2945 de
1733 2884 1976 2944 leuitate
2017 2883 2222 2961 magis.
2931 2906 3028 2957 230

985 2978 1210 3040 Nonne
1250 2980 1371 3040 leui
1412 2981 1567 3041 saltu
1607 2980 1795 3041 vincit
1839 2981 2188 3059 Leopardus
2230 2982 2546 3043 Asellum?

983 3078 1162 3137 Tunc
1200 3086 1403 3137 tamen
1442 3078 1524 3138 ad
1564 3062 1783 3139 saltum
1823 3079 1965 3139 vicit
2005 3080 2244 3139 Asellus
2285 3096 2442 3139 eum.

990 3174 1255 3251 Longior
1295 3174 1359 3234 in
1400 3175 1595 3235 cauda
1634 3177 1828 3238 fuerat
1869 3186 2015 3236 tunc
2055 3177 2186 3237 vilis
2227 3179 2465 3239 Asellus

988 3273 1189 3349 Quam
1232 3272 1345 3332 fuit
1387 3273 1649 3351 insignis,
1694 3274 2012 3351 prodolor!
2070 3275 2200 3351 ipse
2239 3276 2352 3337 leo.

990 3369 1299 3448 Quicquid
1341 3370 1495 3431 velle
1535 3370 1702 3433 iubet
1739 3372 2047 3432 asinorum
2088 3372 2233 3450 legis
2275 3369 2538 3434 habebat

990 3468 1179 3543 Vires,
1223 3478 1285 3529 et
1327 3469 1565 3529 nouitas
1606 3470 1698 3530 ius
1739 3481 1912 3532 vetus
1953 3488 2135 3530 omne
2175 3472 2356 3548 fugat.

988 3568 1073 3626 Vt
1112 3565 1366 3627 stolidos
1408 3576 1612 3627 tamen
1653 3578 1837 3644 atque
1877 3567 2056 3628 rudes
2098 3570 2212 3629 hos
2253 3586 2386 3629 mos
2425 3568 2692 3629 asininus

990 3662 1293 3741 Signabat,
1338 3664 1505 3743 quod
1546 3665 1633 3725 eis
1674 3666 1760 3724 nil
1800 3666 2054 3726 racionis
2095 3676 2255 3728 erat:

992 3760 1072 3821 Et
1112 3761 1255 3839 quia
1295 3763 1383 3822 sic
1424 3762 1619 3823 fatuos
1658 3762 1782 3824 vidi
1825 3763 1996 3824 timui
2039 3766 2228 3841 magis
2267 3764 2446 3842 ipsos

996 3860 1126 3920 Nec
1168 3859 1352 3921 dabat
1392 3861 1635 3922 vlterius
1676 3880 1784 3939 pes
1824 3863 2009 3923 michi
2052 3862 2208 3923 fidus
2251 3864 2377 3923 iter.
2937 3884 3033 3933 240

900 4043 1021 4099 Hic
1041 4045 1197 4100 dicit
1219 4060 1294 4101 se
1319 4062 1432 4116 per
1462 4049 1819 4118 sompnium
1854 4050 2196 4105 secundam
2219 4050 2398 4119 vulgi
2427 4052 2700 4107 turmam
2734 4049 2805 4104 in
2839 4050 3036 4106 bones

828 4132 1067 4189 vidisse
1088 4136 1417 4191 mutatam.

641 4246 835 4323 Capm.
871 4246 952 4307 iii.
1078 4248 1235 4309 Cum
1274 4246 1495 4325 quibus
1535 4266 1678 4311 ecce
1720 4249 1910 4311 boues
1949 4252 2198 4311 veniunt
2238 4269 2392 4328 quos
2431 4250 2684 4329 cuspide
2723 4251 2922 4311 nullus

997 4345 1269 4421 Pungere
1308 4354 1453 4407 tunc
1492 4346 1663 4421 ausit,
1706 4348 1897 4409 immo
1937 4347 2188 4410 timebat
2228 4366 2370 4411 eos:

1096 4480 1197 4529 209
1228 4465 1430 4529 possint
1453 4465 1502 4515 D
1700 4482 1794 4533 ⁹31
1833 4468 1952 4519 Non
1975 4468 2157 4520 leuiter
2179 4468 2227 4520 D
2423 4482 2520 4532 ⁰32
2551 4467 2714 4519 vincit
2737 4466 2784 4519 D
