3434 5142
791 464 906 509 122
1486 440 1682 505 VOX
1740 436 2280 503 CLAMANTIS

948 606 1091 665 Plus
1133 603 1309 663 saciet
1350 602 1594 679 paciens
1635 618 1821 677 quam
1862 600 2025 661 furor
2064 601 2163 661 ille
2202 610 2417 678 potest.

947 702 1120 763 Talia
1161 702 1272 762 rite
1311 700 1506 772 docet,
1550 698 1680 757 aliis
1722 697 1871 758 dum
1912 698 2195 775 predicat,
2239 717 2382 759 ecce

951 799 1180 871 CleruS,
1226 808 1286 858 et
1329 807 1572 857 econtra
1613 795 1699 855 sic
1740 795 1913 871 quasi
1954 813 2134 857 cecus
2174 797 2315 873 agit.

1031 898 1257 974 Turpia
1298 897 1608 957 doctorem
1649 894 1872 968 sedant,
1914 894 2012 955 cui
2054 894 2231 971 culpa
2270 905 2575 973 repugnat,

952 996 1085 1056 Nec
1125 994 1238 1055 sibi
1281 994 1428 1071 quid
1469 994 1650 1069 longo
1691 1003 1963 1069 tempore
2004 992 2197 1053 laudis
2237 993 2363 1053 erit.

950 1095 1080 1156 Nos
1121 1094 1236 1153 nisi
1278 1092 1634 1170 prosperitas
1675 1090 1861 1150 nichil
1900 1108 2182 1153 excusare
2222 1090 2459 1165 valebit,

950 1193 1150 1268 Quam
1193 1200 1430 1252 constat
1471 1189 1718 1249 nimiam
1760 1207 1873 1249 nos
1914 1190 2179 1250 tenuisse
2219 1190 2365 1251 diu:
2894 1209 2993 1261 550

951 1290 1162 1349 Extitit
1203 1289 1265 1348 in
1307 1288 1440 1348 letis
1480 1288 1678 1347 minor
1716 1297 1777 1347 et
1818 1288 2089 1348 sollercia
2130 1286 2324 1361 nobis,

951 1388 1214 1449 Cernere
1255 1404 1368 1446 nee
1409 1403 1586 1445 cecos
1629 1393 1832 1443 nostra
1870 1385 2095 1461 cupido
2135 1386 2293 1445 sinit.

951 1484 1146 1562 Copia
1187 1482 1544 1542 multociens
1586 1481 1895 1542 hominem
1937 1483 2252 1543 defraudat
2298 1484 2555 1556 inanem,

950 1583 1154 1658 Atque
1195 1580 1382 1657 magis
1423 1579 1670 1656 plenum
1711 1588 1919 1639 causat
1958 1579 2181 1641 habere
2223 1582 2462 1643 famem.

952 1680 1154 1754 Quam
1196 1680 1386 1739 fuerat
1427 1676 1662 1755 requies
1703 1694 1895 1753 nuper
1934 1677 2067 1738 sine
2106 1680 2355 1741 erimine
2396 1679 2555 1741 clero

955 1776 1183 1850 DulciS,
1227 1794 1427 1836 amara
1467 1774 1654 1834 modo
1695 1774 2039 1836 sollicitudo
2071 1776 2269 1837 docet.

953 1874 1210 1937 Casibus
1252 1875 1316 1933 in
1357 1874 1489 1933 letis
1531 1874 1718 1950 magis
1759 1883 1851 1933 est
1892 1875 2217 1935 metuenda
2256 1876 2549 1954 voluptaS,

955 1973 1167 2051 Sepius
1209 1974 1270 2032 in
1314 1973 1532 2032 vicium
1574 1989 1693 2048 que
1734 1990 1883 2049 vaga
1924 1973 2108 2033 corda
2150 1973 2302 2034 ruit:

955 2070 1210 2134 Casibus
1252 2071 1315 2131 in
1356 2072 1488 2131 letis
1530 2088 1712 2147 quam
1756 2071 1834 2131 sit
1873 2070 2067 2131 vicina
2108 2072 2295 2145 ruina,

955 2170 1035 2229 Et
1076 2171 1276 2246 lapsus
1316 2168 1518 2241 facilis
1565 2186 1747 2228 nemo
1789 2168 1991 2229 videre
2032 2180 2246 2246 potest.
2896 2176 2994 2240 560

1037 2268 1179 2327 Non
1222 2276 1455 2343 reputet
1497 2267 1805 2327 modicum
1848 2266 2091 2327 modico
2132 2276 2419 2327 contenta
2460 2267 2751 2340 voluntaS,

956 2365 1082 2424 Res
1124 2363 1203 2425 de
1244 2364 1538 2441 postfacto
1579 2382 1699 2441 que
1739 2364 1851 2423 fuit
1890 2374 2031 2425 ante
2072 2365 2285 2425 docet:

961 2463 1093 2523 Nec
1133 2480 1420 2539 magnum
1459 2472 1692 2538 reputet
1734 2462 2071 2540 quisquam,
2115 2463 2263 2539 quin
2304 2471 2575 2540 tempore
2616 2463 2833 2539 quouis

959 2562 1232 2629 Fortuito
1273 2578 1416 2621 casu
1457 2559 1707 2636 perdere
1748 2561 1937 2638 possit
1977 2561 2157 2623 idem.

957 2658 1210 2719 Discant
1252 2658 1566 2735 precipites
1608 2668 1668 2719 et
1708 2676 1863 2735 quos
1903 2676 2073 2719 mora
2112 2659 2275 2719 nulla
2315 2660 2588 2732 retardat,

955 2758 1054 2836 Ne
1095 2757 1272 2817 nimis
1313 2756 1646 2818 accelerent
1685 2758 1751 2816 in
1790 2776 1900 2818 sua
1939 2757 2203 2835 dampna
2247 2776 2496 2818 manus:

957 2855 1101 2914 Hoc
1142 2855 1320 2915 docet
1363 2855 1425 2913 in
1466 2856 1628 2916 clero
1669 2856 1858 2932 magis
1899 2855 2273 2932 experiencia
2312 2856 2469 2929 sacti,

955 2952 1142 3027 Quod
1181 2952 1488 3012 mundana
1529 2952 1712 3012 nichil
1754 2971 1897 3013 cura
1934 2953 2149 3013 valoris
2191 2952 2389 3013 habet.

956 3050 1069 3111 Est
1109 3050 1294 3111 homo
1334 3050 1616 3112 iumentis
1656 3052 1883 3123 similiS‚
1924 3051 2029 3128 qui
2069 3051 2254 3129 fulget
2294 3051 2523 3111 honore

959 3150 1185 3223 VanuS,
1229 3158 1292 3210 et
1333 3150 1562 3228 ignorat
1602 3151 1752 3228 quid
1790 3151 1870 3211 sit
1910 3150 2155 3210 honoris
2197 3168 2370 3210 onus.
2894 3166 2997 3224 570

961 3248 1071 3308 Est
1110 3248 1306 3309 honor
1348 3249 1446 3310 ille
1487 3251 1623 3323 deo,
1665 3259 1834 3326 put0,
1878 3250 2125 3326 quando
2166 3247 2447 3326 superbia
2486 3259 2753 3309 mentem

961 3346 1106 3406 Non
1145 3357 1366 3424 grauat‚
1413 3348 1599 3406 immo
1639 3347 1741 3407 dei
1782 3346 1989 3407 debita
2027 3347 2155 3407 iura
2194 3356 2375 3407 tenet.

963 3446 978 3476 ‘
996 3444 1120 3519 Qui
1161 3462 1399 3505 mecum
1443 3463 1566 3505 non
1609 3453 1716 3517 est,
1761 3444 1861 3503 hic
1900 3453 2109 3505 contra
2150 3462 2248 3505 me
2290 3454 2611 3521 reputatur,

961 3542 1264 3603 Collector
1305 3542 1434 3603 sine
1475 3561 1574 3601 me
1617 3560 1854 3619 spersor
1895 3542 2091 3601 inanis
2132 3542 2309 3602 erit':

958 3638 1099 3700 Hec
1139 3648 1281 3700 sunt
1321 3639 1502 3701 verba
1542 3640 1657 3714 dei,
1701 3640 1871 3700 cuius
1912 3641 1992 3701 de
2032 3640 2301 3717 pondere
2338 3640 2485 3718 legis

959 3737 1150 3798 Addit
1191 3738 1287 3799 vel
1327 3738 1542 3798 minuit
1585 3739 1680 3798 lex
1722 3738 1980 3815 positiua
2021 3738 2221 3799 nichil.

869 3956 990 4010 Hic
1021 3958 1264 4011 tractat
1293 3955 1477 4025 quod,
1515 3958 1684 4011 sicut
1713 3970 1847 4011 non
1880 3956 2063 4010 decet
2094 3956 2384 4011 dominos
2407 3955 2793 4029 temporales
2822 3969 2999 4009 vsur-

797 4058 952 4113 pare
985 4044 1109 4099 sibi
1143 4046 1422 4113 regimen
1447 4047 1513 4099 in
1544 4044 1997 4114 spiritualibus,
2020 4044 2117 4099 ita
2150 4058 2283 4098 non
2321 4045 2502 4099 decet
2534 4043 2686 4098 cleri
2718 4042 3000 4113 prelatos

798 4134 1182 4201 attemptare
1217 4132 1340 4187 sibi
1377 4148 1643 4201 guerras
1679 4136 1747 4189 et
1788 4133 2151 4189 huiusmodi
2186 4132 2586 4202 temporalia,
2624 4146 2744 4200 que
2786 4132 2999 4186 mundi

797 4218 1096 4290 superbla
1120 4222 1186 4275 et
1209 4221 1490 4276 auat-icis
1513 4221 1830 4276 inducunt.

593 4327 790 4403 Capm.
823 4324 896 4385 ix.
1043 4324 1278 4384 Anulus
1319 4333 1382 4384 et
1423 4324 1672 4385 baculus
1713 4336 1853 4385 sunt
1894 4326 1986 4386 ius
2026 4326 2239 4403 papale
2279 4334 2618 4402 sequenteS,

799 4438 901 4499 546
923 4438 994 4487 sit
1016 4436 1105 4488 (ΞΕ
1243 4438 1340 4501 561
1365 4437 1448 4487 No
1461 4438 1761 4503 paragraph
1785 4438 1825 4489 S
1968 4438 2094 4503 Cap.
2114 4438 2169 4488 ix
2184 4438 2429 4504 Headt‘ng
2466 4454 2499 4487 2
2524 4452 2621 4489 nec
2642 4437 2794 4488 decet
2814 4435 3001 4486 CEDL
