3434 5142
789 458 908 521 150
1493 438 1690 503 Vox
1750 436 2292 503 CLAMANTIS

949 600 1194 676 Isteque
1233 596 1426 677 signat
1463 618 1571 659 eos
1611 616 1767 677 quos
1806 596 1999 657 carnis
2040 597 2201 657 fluxa
2238 598 2513 675 voluptas

950 694 1246 757 Funditus
1286 706 1520 757 exercet
1557 706 1620 757 et
1657 694 1973 757 retinendo
2012 692 2244 773 premit.
2864 718 2995 772 159⁰

951 795 1062 855 Est
1101 794 1266 872 apud
1304 792 1584 871 antiquos
1629 797 1645 825 ⁸
1661 791 1761 853 hic
1802 802 1863 853 et
1902 794 2047 852 hec’
2086 791 2307 854 dixisse
2350 792 2699 867 ‘sacer-dos:

952 888 1170 951 Dicere
1211 888 1298 950 sic
1337 900 1398 950 et
1438 908 1550 950 nos
1591 908 1910 968 possumus
1942 892 1961 921 ‘
1976 890 2083 949 has
2124 900 2186 951 et
2226 908 2331 950 eos
2354 892 2400 950 τ’

955 986 1066 1047 Hii
1107 987 1293 1048 modo
1332 1006 1595 1064 namque
1637 1004 1745 1046 sua
1786 986 2095 1046 mundum·
2122 987 2353 1064 replent
2390 986 2699 1065 genitura5

955 1084 1017 1146 Si
1057 1084 1246 1163 pietas
1287 1084 1364 1145 sit
1402 1083 1504 1158 ibi,
1548 1094 1688 1145 sunt
1728 1085 1917 1145 modo
1954 1084 2131 1145 valde
2170 1082 2271 1162 pii.

956 1185 1098 1246 Nox
1137 1194 1198 1244 et
1237 1201 1421 1256 arnor,
1465 1180 1690 1254 vinum,
1734 1181 1965 1241 nullum
2006 1181 2373 1246 moderabile
2414 1184 2684 1256 suadent,

959 1282 1099 1358 Que
1137 1280 1248 1341 tria
1286 1276 1625 1359 presbiteris
1665 1289 1807 1338 sunt
1844 1279 2032 1339 modo
2070 1291 2215 1339 nota
2254 1279 2413 1341 sads,

960 1381 1089 1441 Stat
1127 1377 1326 1440 breuis
1367 1380 1517 1439 ordo
1557 1394 1822 1455 precum,
1866 1376 2013 1437 dum
2055 1378 2317 1455 postulat
2354 1378 2485 1457 ipse
2523 1377 2782 1439 vicissim

963 1478 1188 1539 Oscula
1225 1495 1332 1555 per
1371 1476 1578 1554 longas
1619 1474 1865 1553 iungere
1903 1494 2106 1553 pressa
2146 1494 2357 1550 moras,

967 1579 984 1607 ‘
1005 1575 1063 1637 Ο
1103 1575 1305 1647 sacer,’
1345 1576 1458 1634 hec
1500 1574 1725 1647 dicens,
1774 1578 1789 1605 ‘
1806 1593 1989 1651 quam
2030 1575 2277 1651 longum
2318 1586 2555 1653 tempus
2594 1576 2675 1637 ad
2714 1574 2864 1637 illud

964 1674 1049 1733 Vt
1088 1682 1192 1733 tua
1231 1670 1350 1733 sint
1388 1673 1548 1732 collo
1587 1670 1831 1731 brachia
1870 1690 2024 1733 nexa
2064 1691 2201 1733 meo
2222 1674 2251 1731 Ρ
2268 1674 2285 1701 ’
2876 1681 3005 1733 1600

1047 1770 1171 1847 Qui
1209 1771 1336 1830 vult
1375 1788 1616 1830 vxorem
1657 1788 1893 1830 seruare
1932 1768 2047 1830 sibi
2088 1772 2277 1832 modo
2314 1780 2557 1843 castam,

967 1870 1048 1929 Et
1087 1869 1344 1929 mundas
1384 1886 1650 1929 cameras
1689 1866 1885 1945 querit
1924 1868 2145 1929 habere
2186 1888 2340 1943 sua-5,

969 1966 1233 2045 Longius
1273 1986 1312 2027 a
1350 1984 1586 2027 camera
1625 1964 1703 2027 sit
1743 1965 2031 2044 presbiter
2067 1977 2251 2045 atque
2290 1967 2589 2040 columba,

967 2066 1238 2126 Stercora
1277 2063 1475 2125 fundit
1515 2082 1604 2137 ea,
1647 2062 1847 2125 fundit
1888 2074 1949 2123 et
1988 2063 2117 2143 ipse
2156 2076 2376 2144 stupra.

970 2162 1214 2224 Sobrius
1253 2181 1292 2221 a
1331 2181 1556 2235 mensa,
1601 2162 1680 2223 de
1720 2163 1878 2222 lecto
1918 2162 2047 2222 siue
2087 2162 2341 2241 pudicus

971 2258 1292 2337 Consurgit
1331 2278 1462 2319 raro
1502 2258 1793 2337 presbiter
1829 2258 1959 2337 ipse
1998 2260 2157 2321 deo:

972 2359 1192 2420 Cantat
1230 2356 1296 2417 in
1335 2356 1580 2417 excelsis
1621 2376 1731 2417 sua
1769 2376 1886 2418 vox
1924 2356 2144 2436 agitata
2181 2358 2458 2433 taberniS,

974 2458 1084 2517 Est
1123 2464 1214 2515 set
1253 2453 1317 2515 in
1357 2454 1623 2515 ecclesiis
1663 2474 1779 2515 vox
1820 2456 2163 2516 taciturna
2202 2454 2423 2516 nimis:

978 2556 1210 2615 Doctus
1251 2563 1311 2613 et
1350 2571 1388 2612 a
1426 2552 1569 2613 vino
1610 2552 1753 2613 colit
1794 2552 1922 2631 ipse
1962 2555 2225 2631 lupanar,
2270 2565 2331 2615 et
2371 2553 2512 2615 illuc

977 2651 1300 2712 Exorando
1340 2649 1446 2711 diu
1487 2649 1673 2710 flectit
1711 2662 2029 2729 vtrumque
2068 2670 2243 2731 genu.
2890 2662 3017 2711 1610

978 2747 1076 2811 Sic
1116 2758 1288 2808 vetus
1329 2758 1613 2826 expurgat
1653 2749 2030 2822 fermentum,
2074 2750 2222 2811 dum
2264 2768 2428 2809 noua
2467 2748 2702 2828 spergit,

979 2846 1123 2905 Non
1164 2856 1367 2905 tamen
1407 2855 1471 2905 vt
1513 2845 1733 2904 Paulus
1775 2843 2022 2905 iusserat
2064 2844 2193 2924 ipse
2233 2846 2395 2925 prius
2423 2868 2436 2905 z

978 2941 1077 3004 Sic
1117 2942 1300 3003 altare
1343 2944 1488 3002 Baal
1527 2944 1716 3003 modo
1756 2940 2091 3003 thurificare
2132 2945 2411 3005 sacerdos

980 3040 1144 3113 Vult,
1187 3059 1294 3118 per
1335 3059 1517 3118 quem
1556 3038 1679 3101 viui
1720 3042 1859 3101 feda
1898 3040 1965 3101 fit
2004 3060 2106 3101 ara
2146 3041 2261 3102 dei.

979 3136 1206 3197 Sufficit
1245 3156 1364 3198 vna
1403 3136 1586 3199 michi
1627 3138 1855 3213 mulier,
1900 3139 1993 3200 bis
2034 3158 2136 3200 sex
2177 3150 2379 3201 tamen
2420 3138 2551 3218 ipsi,

979 3236 1064 3294 Vt
1103 3233 1308 3295 iuueni
1347 3237 1521 3314 ga110,
1563 3255 1747 3297 cerno
1786 3236 1985 3297 subire
2026 3237 2227 3297 mode.
2372 3302 2379 3307 ,

981 3332 1081 3394 Sic
1121 3352 1287 3393 sacra
1325 3333 1635 3412 presbiteri
1675 3334 1978 3396 celebrant
2018 3335 2351 3414 solempnia
2393 3336 2597 3409 Bachi,

984 3430 1377 3509 Ebrietasque
1417 3431 1604 3509 magis
1646 3431 2047 3493 sanctificatur
2086 3432 2189 3493 εἰς.

982 3528 1237 3590 Gentilis
1279 3528 1424 3589 ritus
1465 3540 1634 3589 vetus
1675 3528 1884 3607 incipit
1924 3548 2056 3590 esse
2097 3532 2437 3604 modernuS,

982 3626 1230 3688 Talibus
1271 3637 1332 3688 et
1374 3625 1554 3689 Cristi
1592 3627 1687 3687 lex
1729 3626 1880 3704 perit
1918 3625 2048 3705 ipsa
2088 3626 2297 3706 quasi:
2898 3636 3028 3687 1620

984 3722 1083 3785 Sic
1124 3725 1310 3785 modo
1350 3725 1711 3802 templorum
1752 3726 2009 3785 cultores
2050 3736 2309 3804 suntque
2349 3726 2619 3799 deorum,

987 3825 1130 3885 Plus
1170 3822 1234 3884 in
1275 3826 1505 3885 honore
1545 3824 1765 3903 quibus
1807 3835 1924 3885 stat
1964 3826 2079 3885 dea
2118 3845 2355 3888 summa
2394 3828 2618 3887 VenuS.

891 4019 1011 4075 Hic
1033 4021 1311 4089 loquitur
1334 4023 1414 4078 de
1438 4025 1751 4079 consueta
1768 4023 2261 4093 presbiterorum
2282 4023 2637 4094 voluptate,
2662 4027 2729 4081 et
2754 4024 3026 4094 quanter

822 4108 912 4163 hii
935 4108 1252 4178 stipendia
1276 4110 1476 4179 plebis
1496 4126 1576 4165 ex
1595 4112 2027 4168 conuencione
2050 4114 2397 4177 tumentes,
2414 4112 2714 4169 indeuote
2736 4127 2853 4183 pro
2876 4126 3033 4167 mor-

825 4198 955 4252 tuis
980 4198 1223 4252 orando
1247 4212 1378 4251 non
1402 4213 1474 4254 se
1495 4199 1704 4256 debite
1729 4200 1811 4255 ad
1836 4200 2145 4269 suffrag-la
2167 4202 2561 4256 mortuorum
2584 4203 2955 4259 exonerant.

609 4313 804 4389 Capm.
837 4306 947 4367 xxi.
1076 4305 1238 4385 Ignis
1279 4309 1432 4370 edax
1473 4322 1687 4372 terram
1728 4322 1897 4373 vorat
1936 4321 1998 4373 et
2038 4312 2355 4373 nascencia
2395 4324 2549 4375 terre
2572 4335 2591 4388 3

1635 4426 1757 4485 1617
1792 4424 2033 4475 solennia
2060 4424 2249 4475 CEDL
