3434 5142
1120 433 1403 499 LIBER
1460 436 1937 501 SEPTIMUS
2508 440 2631 519 285

589 593 846 653 Pulcher
886 603 948 654 et
987 595 1159 655 etatis
1200 594 1311 655 flos
1352 596 1630 656 iuuenilis
1671 594 1833 657 abit:
2529 621 2631 670 470

591 692 840 753 Labitur
879 693 1113 753 occulte
1153 691 1421 770 fallitque
1460 694 1714 755 volatilis
1758 705 1903 767 etas,

587 790 669 849 Et
708 790 866 849 celer
903 809 1199 851 annorum
1239 809 1446 851 cursus
1487 801 1550 852 vt
1590 791 1801 851 vmbra
1840 792 2007 869 fugit.

671 890 811 947 Hec
852 906 1095 966 quoque
1135 906 1248 948 nec
1289 899 1552 965 perstant
1593 907 1712 966 que
1754 907 1865 949 nos
1908 891 2205 951 elementa
2244 908 2545 963 vooemus,

588 987 788 1046 Immo
827 996 1040 1063 gerunt
1079 987 1268 1047 varias
1310 987 1634 1048 diuaricata
1673 987 1869 1046 vices:

586 1084 856 1161 Corpora
893 1094 1217 1157 vertuntur,
1257 1103 1371 1145 nec
1411 1085 1580 1162 quod
1621 1085 1841 1145 suimus
1881 1104 1955 1145 ve
1996 1104 2202 1146 sumus
2244 1105 2357 1147 nos

586 1181 733 1243 Cras
775 1182 1010 1256 erimus,
1053 1192 1146 1241 set
1186 1182 1346 1242 idem
1391 1202 1456 1243 se
1496 1200 1694 1259 neque
1734 1193 1972 1259 tempus
2014 1182 2233 1246 habet:

587 1280 645 1337 N
649 1280 691 1338 il
731 1279 1013 1356 equidem
1057 1281 1270 1341 durare
1311 1289 1508 1357 potest
1550 1280 1741 1339 forma
1782 1280 1897 1339 sub
1940 1282 2172 1355 eadem,

586 1378 809 1437 Mutari
851 1377 1050 1437 subito
1093 1378 1239 1454 quin
1282 1378 1468 1455 magis
1509 1394 1691 1438 omne
1732 1377 1935 1454 liquet.

585 1476 797 1548 Cerne,
843 1475 1058 1535 fretum
1101 1476 1267 1553 quod
1309 1486 1449 1547 erat,
1496 1494 1659 1535 nunc
1700 1485 1793 1535 est
1835 1476 2195 1537 solidissima
2236 1478 2427 1549 telluS,

584 1574 770 1648 Quod
811 1574 922 1634 fuit
963 1585 1022 1635 et
1064 1575 1256 1647 tellus,
1299 1574 1418 1634 iam
1461 1574 1638 1633 maris
1679 1573 1843 1633 vnda
1884 1574 2064 1651 tegit:
2523 1586 2625 1648 480

586 1670 767 1730 Nunc
808 1672 952 1744 fluit,
997 1671 1296 1732 interdum
1339 1671 1668 1749 suppressis
1710 1670 1990 1731 fluctibus
2031 1682 2156 1734 aret

583 1769 763 1839 Fons,
806 1787 920 1829 nec
961 1780 1021 1829 et
1062 1771 1190 1847 ipse
1232 1780 1387 1829 statu
1429 1779 1740 1847 permanet
1781 1787 1924 1829 ecce
1964 1788 2093 1830 suo.

581 1865 924 1927 Conteritur
964 1867 1200 1940 sermm,
1243 1868 1438 1927 silices
1480 1875 1804 1926 tenuantur
1843 1864 1923 1926 ab
1966 1885 2112 1927 vsu:

581 1964 896 2041 Numquid
937 1963 1123 2024 homo
1164 1965 1380 2041 fragilis
1421 1964 1711 2040 rumpitur
1752 1964 1879 2039 ipse
1920 1965 2153 2041 magis?

581 2062 706 2137 Qui
747 2080 910 2121 nunc
950 2061 1064 2121 sub
1106 2061 1317 2122 Phebo
1359 2060 1737 2137 ducibusque
1777 2061 2006 2138 palacia
2046 2062 2293 2139 fulgent,

581 2159 791 2236 Nuper
830 2160 1075 2219 araturis
1116 2178 1338 2237 pascua
1377 2158 1571 2219 bobus
1612 2169 1819 2218 erant:

581 2257 790 2333 Nuper
829 2268 997 2317 erant
1036 2276 1184 2331 rura,
1228 2275 1354 2334 quo
1395 2275 1558 2315 nunc
1599 2266 1738 2316 sunt
1778 2266 1985 2329 castra,
2029 2275 2149 2334 que
2188 2258 2333 2317 culti

580 2355 723 2430 Quo
764 2373 927 2413 nunc
967 2365 1106 2414 sunt
1147 2356 1362 2432 campi,
1405 2364 1597 2414 castra
1638 2354 1804 2413 fuere
1844 2354 2042 2431 prius:

579 2452 920 2513 Frondibus
960 2453 1252 2513 ornabant
1294 2471 1412 2529 que
1454 2470 1616 2511 nunc
1649 2451 1928 2528 capitolia
1967 2453 2238 2529 gemmis,

579 2550 990 2629 Pascebatque
1031 2571 1167 2611 suas
1209 2552 1337 2628 ipse
1377 2560 1615 2611 senator
1655 2568 1822 2610 oueS.
2521 2578 2622 2627 490

577 2650 657 2708 Et
698 2650 750 2708 si
790 2668 972 2726 regna
1011 2651 1220 2727 loquar
1259 2649 1592 2721 hominum,
1635 2649 1857 2707 scimus
1895 2648 2035 2725 quia
2076 2649 2309 2710 nullum

578 2745 870 2825 Principis
911 2748 1226 2825 imperium
1269 2757 1490 2824 perstat
1531 2748 1594 2805 in
1634 2746 1783 2807 orbe
1823 2746 1946 2807 diu.

658 2846 798 2905 Hec
839 2864 958 2922 que
998 2846 1340 2923 preteritum
1384 2855 1620 2921 tempus
1663 2844 1848 2915 dedit,
1893 2844 1993 2903 illa
2032 2845 2296 2904 futurum

578 2943 724 3003 Post
765 2942 950 3017 dabit,
994 2954 1204 3022 estque
1245 2961 1442 3003 nouus
1483 2942 1681 3001 nullus
1724 2943 1787 3000 in
1830 2940 1977 3001 orbe
2016 2950 2223 3002 status.

578 3039 794 3100 Dicere
834 3042 969 3118 quis
1009 3042 1242 3118 poterit,
1291 3044 1307 3071 ‘
1326 3042 1457 3117 Ego
1499 3050 1698 3116 persto
1739 3039 1977 3115 quietus
2017 3039 2081 3098 in
2122 3038 2269 3101 orbe
2290 3040 2349 3099 Ρ

575 3137 656 3197 Et
698 3139 832 3216 quis
873 3158 996 3198 non
1039 3156 1246 3198 musas
1287 3138 1450 3197 mille
1490 3134 1714 3197 doloris
1757 3134 1986 3196 habet?

577 3236 721 3311 Quo
760 3254 826 3296 se
865 3236 1037 3295 vertit
1078 3235 1281 3307 homo,
1324 3234 1497 3295 dolor
1535 3244 1640 3293 aut
1681 3244 1875 3293 metus
1917 3234 2129 3294 incutit
2171 3235 2407 3313 ipsum3

575 3334 884 3411 Excipitur
923 3334 1120 3393 nullus
1163 3332 1267 3409 qui
1309 3333 1383 3392 sit
1425 3330 1488 3390 in
1529 3330 1676 3391 orbe
1715 3332 1949 3407 gradus·

573 3431 631 3492 O
673 3441 930 3508 quantos
969 3449 1175 3509 regum
1217 3430 1532 3507 paciuntur
1570 3428 1755 3488 corda
1794 3430 2101 3503 tumultuS,

574 3530 898 3607 Quamque
939 3529 1284 3607 procellosis
1326 3526 1589 3588 motibus
1630 3528 1760 3603 ipsa
1801 3527 2099 3589 fremunt!
2516 3551 2619 3603 500

575 3630 743 3689 Inter
783 3629 1006 3705 regales
1047 3628 1254 3705 epulas
1293 3626 1608 3704 variosque
1647 3636 1887 3703 paratus

571 3725 921 3787 Tabescunt
960 3726 1124 3787 vario
1164 3726 1479 3785 sollicitata
1519 3734 1725 3785 metu:

572 3826 746 3886 Mille
787 3824 1136 3885 satellitibus
1178 3825 1410 3884 cinctus
1451 3821 1708 3898 telisque
1750 3841 1995 3883 suorum

573 3924 718 3984 Non
759 3924 914 3983 valet
955 3943 991 3984 e
1031 3921 1265 3999 trepido
1306 3922 1527 3999 pellere
1567 3922 1751 3981 corde
1790 3931 2005 3981 metus·

571 4021 671 4081 Sic
711 4020 1004 4079 inmunda
1042 4020 1166 4080 suis
1207 4020 1287 4081 de
1326 4016 1635 4077 fraudibus
1676 4017 1879 4077 omnia
1920 4017 2183 4078 mundus

573 4118 809 4192 Polluit,
852 4129 912 4178 et
953 4118 1120 4177 nullo
1162 4127 1430 4194 tempore
1473 4116 1699 4175 munda
1741 4116 1921 4176 facit:

572 4218 696 4277 Iste
736 4234 843 4294 per
882 4215 1207 4275 antifrasim
1249 4232 1474 4274 nomen
1517 4213 1629 4273 sibi
1672 4214 1950 4275 vendicat
1988 4232 2193 4288 vnum,

570 4315 714 4390 Quo
755 4313 922 4374 nullo
963 4324 1140 4391 pacto
1179 4313 1528 4390 participare
1568 4321 1783 4388 potest.

828 4444 930 4491 470
961 4428 1140 4478 estatis
1163 4427 1206 4478 C
1230 4428 1377 4492 (ras.)
1642 4442 1742 4490 490
1774 4426 2120 4490 Passebatque
2144 4426 2184 4477 S
