3434 5142
874 439 999 500 244
1574 417 1774 484 vox
1833 417 2374 485 cLAMANTls

1031 579 1181 639 *Dux
1223 578 1271 638 si
1313 579 1523 656 perdat
1564 579 1689 652 iter,
1735 589 1933 640 errant
1973 578 2052 639 de
2091 575 2270 656 plebe
2311 587 2650 656 sequentes,

1038 675 1119 738 Et
1158 675 1253 736 via
1294 695 1414 758 qua
1453 675 1685 738 redient
1726 687 1817 738 est
1858 675 2191 738 dubitanda
2231 677 2434 754 magis.
2991 703 3102 753 500

1040 775 1291 852 Propter
1328 786 1643 852 peccatum
1682 775 1838 852 tegis
1878 775 2084 851 populi
2125 773 2443 852 perierunt,

1037 871 1347 950 Quicquid
1384 882 1447 932 et
1487 883 1732 934 econtra
1771 874 1938 934 litera
1979 891 2112 932 raro
2149 872 2370 947 docet3

1036 969 1229 1048 Regia
1268 980 1361 1030 set
1400 968 1641 1032 bonitas
1682 971 1796 1032 fert
1837 969 2002 1048 plebi
2039 971 2260 1048 gaudia
2297 969 2480 1047 pacis,

1036 1067 1197 1128 Nam
1236 1067 1389 1129 deus
1426 1069 1507 1130 ad
1548 1069 1739 1130 sancti
1781 1069 1934 1146 regis
1975 1069 2209 1146 agenda
2248 1069 2448 1130 fauet:

1034 1165 1097 1226 Si
1137 1165 1395 1226 viciosus
1436 1166 1599 1226 enim
1640 1167 1717 1226 sit
1757 1185 1874 1240 rex,
1919 1167 2060 1244 quia
2100 1166 2196 1227 lex
2237 1166 2464 1244 nequit,
2509 1166 2704 1244 ipsum

1032 1262 1181 1323 Vult
1221 1263 1435 1340 punire
1475 1264 1649 1339 deus,
1688 1265 1796 1341 qui
1835 1282 2016 1342 supet
2055 1281 2240 1326 omne
2279 1273 2496 1341 potent.

1034 1361 1379 1438 Expediens
1420 1361 1646 1440 populo
1686 1362 1840 1423 soret
1879 1373 1944 1424 vt
1985 1362 2144 1424 bene
2181 1361 2412 1423 viueret
2449 1363 2649 1424 omnis

1034 1459 1184 1532 Rex,
1230 1458 1383 1520 iacet
1421 1461 1489 1520 in
1528 1460 1807 1522 manibus
1849 1479 1978 1521 sors
2019 1460 2162 1538 quia
2200 1459 2346 1522 bina
2385 1461 2556 1524 suis:

1031 1556 1172 1616 Vna
1214 1557 1371 1618 salus
1412 1557 1620 1634 populi
1661 1575 1764 1618 rex
1803 1558 1908 1636 qui
1950 1557 2110 1620 bene
2149 1558 2296 1618 viuit
2336 1557 2606 1633 habetut,

1034 1652 1235 1716 Plebis
1275 1666 1337 1717 et
1376 1656 1441 1716 in
1484 1665 1713 1733 pestem
1757 1675 1860 1718 rex
1899 1657 2098 1718 maius
2133 1667 2270 1717 aeta
2305 1656 2458 1734 pan't
2475 1677 2496 1732 ς
2983 1681 3090 1732 510

1034 1753 1183 1814 Eius
1224 1754 1387 1814 enim
1429 1754 1654 1815 seelera
1692 1764 1932 1816 constat
1975 1755 2164 1834 magis
2203 1773 2338 1816 esne
2377 1755 2616 1829 nodua,

1032 1851 1221 1913 Cuius
1262 1851 1491 1914 habent
1528 1853 1740 1930 populi
1781 1853 2030 1915 condita
2070 1854 2196 1912 iura
2239 1854 2434 1931 sequi.

1112 1948 1273 2012 Cum
1314 1951 1391 2011 sit
1432 1951 1621 2012 maior
1660 1950 1868 2026 homo,
1911 1961 2050 2012 sunt
2091 1951 2231 2028 plus
2267 1969 2378 2012 sua
2417 1950 2667 2010 crimina
2711 1960 2920 2026 tantm

1032 2045 1199 2107 Dum
1240 2048 1403 2108 cadit
1442 2066 1517 2110 ex
1554 2048 1707 2123 altis,
1752 2049 1970 2110 leditur
2009 2048 2156 2110 inde
2195 2047 2406 2126 magist

1034 2143 1241 2205 Plures
1282 2163 1465 2206 cerno
1504 2164 1657 2221 reos,
1702 2147 1892 2226 magis
1933 2156 2199 2208 attamen
2242 2145 2526 2206 omnibus
2571 2146 2749 2223 ipsos,

1030 2241 1285 2319 Legiseri
1332 2244 1437 2321 qui
1478 2254 1619 2304 sunt
1660 2254 1724 2305 et
1759 2245 1894 2306 sine
1933 2245 2066 2322 lege
2105 2255 2372 2306 manent.

1032 2339 1190 2400 Cum
1232 2339 1363 2401 sine
1402 2340 1533 2418 lege
1574 2342 1713 2402 furit
1755 2342 1922 2420 regni
1962 2343 2178 2402 viciata
2215 2351 2504 2419 potestas,

1032 2435 1185 2498 Esse
1224 2437 1407 2498 nichil
1448 2448 1581 2500 toto
1619 2439 1842 2500 tristius
1881 2438 2030 2500 orbe
2071 2449 2304 2518 potest:

1029 2533 1317 2596 Sanccius
1358 2553 1491 2596 esse
1531 2555 1720 2614 pecus
1755 2537 2082 2615 animoque
2121 2537 2402 2615 capacius
2442 2539 2578 2616 ipso

1030 2629 1284 2708 Estimo,
1329 2633 1433 2711 qui
1476 2634 1603 2694 iura
1638 2635 1747 2696 dat
1789 2653 1986 2712 neque
2027 2645 2224 2696 seruat
2264 2653 2354 2698 ea.
2975 2659 3080 2712 μα

1032 2729 1361 2807 Imperium
1404 2732 1592 2810 Regis
1628 2751 1754 2794 non
1795 2734 1991 2793 solum
2032 2731 2192 2794 bella
2232 2734 2550 2812 triumphis

1029 2826 1281 2903 Ornant,
1323 2839 1413 2890 set
1454 2829 1617 2908 leges
1654 2841 1852 2890 seruet
1893 2827 2114 2908 vbique
2155 2829 2366 2892 bonas.

1029 2925 1254 2987 Nonne
1294 2927 1515 2988 domus
1552 2928 1770 3006 poterit
1809 2945 2175 3006 componere
2215 2947 2282 2990 se
2323 2930 2454 2992 sine
2493 2931 2707 3008 lignis;

1027 3023 1131 3084 Set
1170 3022 1287 3084 sibi
1328 3025 1475 3102 quid
1517 3026 1695 3104 lig-na,
1739 3027 1790 3086 si
1833 3043 1947 3088 nee
1986 3041 2162 3086 acuta
2202 3028 2398 3088 foret?

1028 3120 1133 3181 Set
1172 3120 1321 3200 quid
1360 3133 1539 3184 acuta
1574 3124 1749 3198 valet,
1795 3124 1909 3183 nisi
1951 3126 2270 3201 persistens
2311 3126 2612 3203 operantis

1027 3219 1227 3280 Vnitis
1268 3222 1463 3281 causis
1504 3223 1581 3282 sit
1621 3241 1838 3284 manus
1875 3223 2164 3282 artificis?

1030 3317 1170 3378 Hec
1210 3316 1326 3379 sibi
1368 3320 1418 3380 si
1460 3321 1679 3381 suerint
1718 3321 2056 3394 coniuncta,
2102 3339 2208 3398 per
2247 3339 2432 3384 omne
2470 3321 2784 3396 iuuabunt,

1030 3413 1109 3476 Et
1148 3416 1199 3476 si
1241 3415 1451 3492 diuisa,
1494 3437 1630 3496 pets
1668 3418 1788 3480 sibi
1829 3420 1994 3479 nulla
2035 3419 2216 3480 iuuat.

1107 3514 1293 3576 Terra
1332 3515 1485 3592 quid
1522 3527 1615 3576 est
1653 3517 1798 3591 sola,
1843 3517 2102 3594 populus
2145 3517 2260 3578 nisi
2301 3517 2469 3578 sistat
2511 3517 2576 3578 in
2615 3518 2760 3578 illa?

928 3705 1081 3766 After
1097 3721 1196 3770 522
1220 3707 1269 3757 D
1292 3708 1389 3758 has
1410 3708 1855 3774 thesollom'ngz—

1262 3785 1427 3850 Regis
1458 3803 1677 3851 namque
1705 3791 1889 3839 modus
1922 3789 2053 3840 alios
2086 3791 2402 3852 moderatur,
2435 3793 2481 3839 et
2509 3790 2678 3840 omnis

1258 3863 1391 3914 Iuris
1424 3865 1491 3914 ad
1524 3867 1746 3916 officium
1783 3866 1967 3916 dieitur
2000 3883 2118 3917 esse
2153 3875 2319 3931 caput.

1260 3942 1319 3993 Si
1352 3944 1521 3993 bonus
1556 3961 1677 3995 esee
1708 3945 1838 3995 velit
1873 3945 2013 4008 Rex,
2045 3947 2120 3997 hii
2152 3947 2238 4010 qui
2272 3953 2398 3996 sunt
2427 3945 2672 3998 bonitatis

1256 4020 1393 4072 Sunt
1426 4023 1592 4084 mgis
1622 4024 1794 4074 edocti
1828 4024 2128 4075 condicione
2160 4039 2288 4080 sum

1259 4097 1318 4148 Si
1352 4099 1517 4150 malua
1550 4114 1669 4150 esse
1702 4101 1846 4164 velit,
1881 4103 2036 4152 simili
2073 4103 2191 4152 Rex
2221 4109 2368 4152 sorte
2401 4101 2636 4163 dientes,

1256 4175 1327 4224 Vt
1358 4168 1456 4226 sibi
1490 4177 1846 4245 complaciant,
1880 4181 2040 4243 eligit,
2076 4187 2246 4243 ornat,
2283 4186 2433 4230 amnt.

1260 4251 1466 4317 Imque
1494 4258 1821 4319 super-creuit
1851 4259 2000 4309 dolus
2036 4265 2082 4308 et
2113 4257 2303 4309 defecit
2332 4257 2597 4320 honestas,

1252 4331 1432 4382 ‘Sentit
1462 4339 1509 4382 et
1538 4336 1896 4399 opprobrium,
1931 4337 2072 4399 quod
2105 4335 2202 4387 fuit
2234 4343 2358 4388 ante
2389 4335 2568 4387 decus

872 4407 1005 4458 Then
1028 4409 1062 4459 l.
1085 4422 1183 4473 522
1210 4409 1479 4478 (repeated)
1504 4411 1617 4462 and
1631 4427 1730 4476 523
1749 4415 1802 4467 ff.
