3434 5142
1187 466 1475 533 LIBER
1534 467 1896 535 PRIMUS
2562 490 2641 554 75

599 628 795 691 Cessit
836 636 898 687 et
938 626 1203 689 anterior
1242 646 1369 689 sors
1412 627 1731 689 tenebrosa
1771 628 1960 689 malis,

601 728 699 788 Sic
742 744 905 787 mare
943 714 1083 787 litus
1124 724 1325 797 habet,
1366 726 1578 803 plenos
1617 727 1779 803 capit
1819 727 2028 788 alueus
2067 746 2335 806 ampneS,

601 824 863 902 Legibus
901 834 1087 901 atque
1126 842 1289 884 noue
1326 833 1473 883 tunc
1514 834 1761 900 patuere
1800 824 1932 885 vie:

601 912 715 997 Sic}
760 925 913 985 deus
952 931 1015 981 vt
1056 922 1259 995 voluit,
1304 939 1447 981 cum
1488 922 1563 981 sit
1604 921 1979 983 moderacior
2018 922 2195 995 vada,

602 1021 830 1081 Leticie
868 1020 1039 1080 mixti
1080 1020 1435 1081 convaluere
1476 1028 1693 1079 metus·

602 1119 835 1180 Omnes
876 1131 1023 1178 tunc
1064 1118 1327 1179 Cristum
1370 1116 1634 1191 laudant,
1678 1117 1847 1195 quod
1887 1116 1966 1177 ab
2007 1135 2112 1179 ore
2150 1119 2411 1195 procelle

605 1218 747 1278 Non
788 1216 929 1277 sinit
970 1216 1281 1287 extinctos,
1325 1225 1415 1275 set
1456 1214 1750 1292 reparauit
1791 1232 1913 1275 eos
2512 1241 2644 1294 ¹930

601 1316 780 1373 Tunc
818 1331 949 1390 ego,
994 1312 1239 1373 deflexis
1276 1311 1531 1390 genibus
1571 1322 1663 1373 set
1701 1312 1782 1375 ad
1823 1313 2026 1374 ethera
2065 1314 2278 1389 palmis

604 1413 839 1487 TensiS,
885 1412 973 1473 sic
1014 1412 1176 1474 dixi:
1220 1414 1236 1443 ‘
1253 1410 1475 1484 Gloria,
1520 1411 1732 1485 Criste‚
1775 1410 1888 1471 tibi
1908 1414 1921 1470 Ξ
1941 1412 1956 1438 ’

608 1512 751 1570 Hoc
792 1510 1011 1570 iterans
1050 1507 1247 1587 gelida
1287 1508 1607 1571 formidine
1648 1509 1814 1569 frena
1853 1509 2090 1583 resolui,

609 1609 957 1686 Leticieque
1000 1625 1161 1669 noue
1200 1624 1340 1683 spes
1380 1606 1563 1667 michi
1604 1608 1828 1667 mulcet
1868 1608 1995 1667 iter.

605 1707 771 1765 Dum
814 1723 977 1765 mare
1020 1714 1314 1782 pacatum,
1358 1704 1505 1764 dum
1548 1712 1762 1765 ventus
1800 1704 2050 1766 amicior
2089 1714 2264 1779 esset,

606 1804 756 1881 Spes
796 1803 951 1863 redit
992 1813 1052 1863 et
1093 1801 1293 1862 nautis
1330 1801 1515 1863 corda
1556 1799 1805 1863 subacta
1845 1800 2026 1862 leuat.

605 1900 851 1961 Viribus
893 1918 1036 1977 ergo
1078 1898 1202 1959 suis
1242 1899 1501 1985 pauidus
1540 1896 1657 1959 sibi
1698 1908 1884 1961 nauta
1923 1901 2244 1978 resumptis

607 1999 881 2077 Nauigat,
922 2008 989 2059 vt
1026 2009 1265 2076 portum
1308 1996 1473 2074 pacis
1511 1996 1677 2057 adire
1717 2007 1918 2075 queat.

608 2096 871 2158 Carbasa
911 2106 1077 2157 mota
1118 2107 1353 2165 sonant,
1396 2094 1565 2157 iubet
1604 2096 1703 2156 vti
1747 2097 1950 2157 nauita
1991 2096 2200 2169 ventis,

608 2194 857 2273 Subque
898 2213 1057 2255 noue
1098 2195 1273 2255 sortis
1312 2212 1421 2271 spe
1462 2212 1625 2255 noua
1664 2194 1797 2255 vela
1837 2194 1984 2255 dari.
2519 2218 2650 2269 ¹940

522 2404 643 2459 Hic
664 2404 939 2473 loquitur
972 2403 1174 2459 adhuc
1209 2402 1287 2458 de
1318 2405 1472 2459 nani
1495 2405 1643 2459 visa
1674 2404 1744 2459 in
1777 2404 2079 2473 sompnis,
2103 2402 2167 2458 id
2199 2406 2302 2460 est
2335 2405 2412 2459 de
2441 2408 2652 2462 mente

452 2507 575 2547 sua
606 2493 807 2547 adhuc
830 2494 1105 2557 turbata,
1130 2495 1209 2548 vt
1232 2493 1290 2547 si
1314 2494 1452 2561 ipse
1478 2493 1850 2549 mentaliter
1873 2492 2309 2560 sompniando‚
2334 2492 2518 2560 quasi
2540 2506 2652 2560 per

450 2594 685 2635 nauem
710 2581 914 2635 variis
937 2581 1155 2637 ventis
1187 2580 1326 2635 sine
1362 2580 1784 2647 gubernaculo
1817 2580 2150 2647 agitatam,
2177 2595 2401 2637 omnes
2433 2584 2653 2649 partes

449 2668 666 2722 mundi
696 2682 815 2736 pro
852 2682 1011 2736 pace
1041 2668 1275 2723 mentis
1307 2668 1653 2723 scrutanda
1682 2666 2169 2735 investigasset,
2202 2670 2270 2723 et
2295 2666 2553 2723 tandem
2583 2668 2650 2721 in

448 2758 671 2823 partes
692 2754 1027 2811 Britannie
1058 2755 1345 2819 maioris,
1367 2754 1479 2809 vbi
1512 2768 1662 2809 raro
1686 2769 1817 2823 pax
1841 2757 1958 2818 est,
1983 2754 2136 2810 dicit
2159 2770 2230 2811 se
2255 2754 2648 2824 applicuisse.

449 2842 618 2897 Dicit
660 2843 861 2897 eciam
901 2843 1170 2911 qualiter
1211 2857 1344 2897 vox
1384 2842 1453 2895 in
1496 2842 1780 2911 sompnis
1821 2841 1946 2897 sibi
1994 2841 2268 2897 iniunxit
2311 2840 2478 2911 quod
2518 2843 2655 2911 ipse

451 2929 711 2985 omnino
744 2930 1054 2985 scriberet
1086 2945 1167 2986 ea
1198 2944 1319 2997 que
1350 2928 1429 2985 de
1459 2928 1695 2983 mundo
1731 2930 1800 2983 in
1822 2929 1932 2983 iilo
1962 2930 2268 2986 scrutinio
2292 2930 2564 2985 vidisset
2587 2931 2654 2987 et

453 3020 742 3075 audisset
754 3036 771 3083 ;
810 3020 876 3074 et
900 3019 995 3075 ita
1018 3018 1396 3073 terminatur
1418 3017 1790 3087 sompnium.

268 3130 471 3203 Capm.
502 3144 591 3184 xx.
703 3121 935 3184 Clausit
974 3122 1174 3183 adhuc
1214 3123 1423 3183 oculos
1466 3140 1772 3199 sompnuS,
1817 3140 1941 3201 quo
1981 3120 2257 3199 sompnia
2297 3138 2516 3185 nauem

616 3222 864 3297 Semper
904 3220 1283 3298 pretendunt,
1328 3238 1449 3298 que
1489 3219 1628 3281 loco
1668 3230 1798 3281 tuta
1838 3220 2004 3299 petit,

617 3319 749 3380 Nec
790 3319 966 3378 timor
1007 3318 1286 3397 ambigue
1328 3329 1560 3399 poterat
1600 3318 1723 3379 cito
1763 3318 1978 3378 cedere
2019 3318 2224 3391 menti,

618 3417 817 3493 Quam
860 3417 1023 3494 prius
1062 3417 1144 3477 ad
1184 3428 1423 3494 portum
1465 3416 1630 3475 salua
1670 3416 1873 3475 venire
1913 3425 2112 3493 queat.

618 3514 923 3575 Deficiunt
963 3516 1110 3575 remi
1152 3516 1270 3575 iam
1312 3514 1505 3575 ventis
1547 3514 1814 3591 vndique
1855 3513 2040 3588 fracti,

618 3616 711 3673 Ac
752 3612 850 3673 vbi
892 3631 1021 3674 sors
1061 3614 1229 3674 duxit
1270 3614 1443 3673 nauis
1483 3610 1745 3675 habebat
1785 3612 1929 3673 iter:

622 3711 847 3771 Littora
886 3710 1137 3789 pacifica
1177 3721 1447 3771 scrutans
1486 3709 1820 3788 temptabat
1861 3710 1924 3768 in
1967 3725 2210 3768 omnem

619 3810 873 3883 Partem,
917 3828 1029 3869 nec
1069 3820 1300 3887 poterat
1342 3810 1505 3888 pacis
1548 3808 1769 3869 habere
1809 3808 2049 3882 locum3

618 3905 830 3968 Turbo
870 3917 961 3967 set
999 3908 1275 3985 equoreis
1314 3909 1473 3969 hanc
1514 3907 1776 3981 tandem,
1819 3906 2138 3983 prodolori
2194 3906 2368 3965 vndis

621 4004 864 4081 Expulit
906 4004 967 4063 in
1008 4016 1246 4081 portum
1288 4024 1412 4083 quo
1452 4005 1591 4065 furit
1632 4022 1814 4065 omne
1855 4004 2098 4063 malum.
2529 4025 2659 4075 ¹950

621 4103 719 4162 Sic
760 4102 976 4165 Cillam
1019 4094 1251 4181 fugiens
1291 4104 1491 4164 minus
1533 4114 1623 4165 est
1666 4122 1780 4163 nec
1820 4103 1942 4162 lesa
1983 4102 2234 4183 pericliS,

619 4201 797 4259 Dum.
830 4200 984 4262 Cina
1022 4202 1258 4279 grauior
1300 4203 1507 4264 Insula
1545 4202 1706 4279 cepit
1746 4220 1900 4262 eam.

521 4310 745 4359 Between
772 4323 901 4372 1939
925 4308 1037 4358 and
1056 4324 1185 4371 194⁰
1217 4310 1267 4359 D
1296 4308 1473 4360 insen-s
1508 4308 1731 4373 Nauigat
1761 4317 1816 4361 vt
1847 4314 2053 4373 portum
2075 4314 2231 4372 queat
2253 4306 2445 4357 habere
2465 4306 2658 4355 bonum

454 4392 648 4452 (marg.
672 4387 861 4438 Deficit
879 4402 1057 4439 versus
1074 4389 1129 4437 in
1151 4388 1346 4454 copia).

519 4465 645 4530 Cap.
673 4482 761 4517 xx.
784 4465 1027 4531 Hndn'ng
1048 4482 1073 4518 1
1100 4466 1237 4518 idest
1259 4466 1313 4519 H
1381 4473 1428 4518 et
1448 4468 1497 4517 D
1690 4482 1721 4531 7
1744 4466 2009 4517 scrutineo
2031 4466 2121 4516 (ΞΕ
