3434 5142
373 4459 469 4509 109
491 4446 694 4513 maozin
714 4447 782 4498 ad
803 4448 886 4499 sui
908 4446 1125 4499 salutem
1149 4448 1328 4501 CHH⁸

1125 458 1424 526 PRIMA
1483 460 1717 527 PARS

567 618 669 679 Nil
711 618 862 680 odor
901 618 1129 678 incensi
1173 630 1318 680 tunc
1357 620 1576 697 profuit
1617 619 2003 695 Eboracensi‚

479 717 582 777 Set
623 735 736 777 nec
777 716 950 776 mitra
989 716 1187 777 choris
1229 736 1342 777 nec
1383 736 1528 795 opes
1570 736 1682 779 nec
1724 718 1965 779 culmen
2006 717 2288 793 honoris;

477 815 578 875 Ad
619 815 812 893 regale
852 815 1004 875 latus
1047 832 1184 874 cum
1227 815 1360 892 plus
1401 815 1476 875 sit
1515 815 1594 875 ad
1634 816 1753 875 alta
1792 815 2043 889 leuatuS,

479 910 716 972 Corruit
755 930 792 971 a
832 913 992 985 sede,
1037 912 1124 971 sic
1162 911 1370 973 transit
1410 912 1607 990 presul
1645 912 1726 973 ab
1768 913 1899 973 ede.

479 1009 640 1071 Cure
679 1020 970 1071 mercator
1008 1012 1228 1087 primas
1269 1011 1378 1069 fuit
1420 1021 1479 1071 et
1519 1010 1823 1087 spoliator,

481 1108 715 1185 Pauper
755 1117 817 1168 et
855 1108 1128 1183 abcessit,
1174 1128 1356 1186 quem
1397 1107 1602 1185 preuia
1640 1109 1818 1185 culpa
1857 1108 2171 1186 repressit:

475 1202 576 1263 Sic
614 1204 763 1283 fugit
803 1206 903 1268 hic
945 1207 1132 1284 predo
1173 1208 1314 1267 cleri
1355 1208 1415 1266 N
1418 1224 1536 1266 oua
1574 1204 1713 1266 villa
1756 1206 2036 1281 Macedo,

477 1303 700 1377 Quem,
740 1304 880 1379 quia
913 1302 1006 1363 ‘sic
1045 1302 1206 1377 vixit,
1249 1314 1416 1381 pater
1453 1304 1704 1365 ecclesie
1744 1302 2063 1365 maledixit.

557 1400 667 1459 Est
709 1400 932 1461 Comes
972 1402 1178 1475 elatuS,
1223 1402 1412 1475 fallax,
1457 1401 1729 1479 cupidus,
1773 1404 2129 1479 sceleratus;

477 1498 740 1558 Fraudes
781 1518 886 1576 per
927 1500 1100 1560 Mille
1139 1509 1254 1559 stat
1298 1500 1700 1561 Cancellarius
1742 1501 1878 1561 ille:

477 1594 603 1654 Hic
644 1613 916 1672 proceres
958 1597 1086 1657 odit
1127 1608 1186 1657 et
1227 1615 1435 1658 eorum
1477 1598 1725 1657 nomina
1762 1598 1921 1659 rodit

476 1692 783 1754 Mox-sibus
823 1713 860 1754 a
899 1704 1082 1772 tergo,
1127 1695 1193 1755 fit
1234 1695 1478 1756 tandem
1519 1696 1803 1773 profugus
1844 1715 2001 1774 ergo·

472 1790 572 1850 Sic
611 1790 760 1853 deus
801 1790 863 1851 in
905 1793 1050 1853 celis
1089 1794 1248 1853 mala
1287 1793 1364 1853 de
1404 1803 1588 1870 puteo
1629 1794 1943 1854 Michaelis

471 1886 704 1949 Acriter
743 1901 1040 1967 expurgat,
1086 1910 1164 1951 ne
1204 1892 1337 1968 plus
1379 1908 1582 1950 comes
1623 1890 1723 1949 ille
1762 1900 2039 1967 resurgat.

543 1988 712 2047 Alter
752 1996 813 2048 et
854 1997 944 2049 est
984 1989 1134 2062 taliS,
1179 1987 1292 2048 sub
1334 1987 1484 2065 regis
1525 1988 1628 2064 qui
1665 1986 1847 2047 cubat
1886 1988 2011 2061 alis,

472 2083 678 2144 Mollis
717 2085 1038 2160 confessor,
1082 2086 1340 2147 blandus
1381 2087 1739 2162 scelerisque
1777 2086 2103 2162 professor:

473 2180 682 2241 Extitit
721 2181 821 2242 hic
861 2183 1052 2257 frater,
1097 2182 1201 2261 qui
1241 2193 1359 2244 stat
1396 2181 1537 2243 foris
1578 2182 1739 2243 intus
1780 2192 1841 2243 et
1878 2193 2021 2257 ater,

469 2277 659 2339 Cuius
699 2279 947 2357 nigredo
987 2282 1152 2341 fedat
1189 2282 1324 2341 loca
1362 2280 1536 2359 regia,
1581 2282 1779 2341 cred0.

473 2374 597 2436 Hic
637 2377 748 2437 fuit
788 2378 1028 2456 obliqus
1068 2398 1382 2457 procerum
1422 2377 1658 2438 latitans
1699 2376 1992 2452 inimicu3‚

470 2474 719 2552 Semper
757 2474 820 2535 in
861 2479 1140 2554 augendo
1179 2476 1366 2554 magis
1407 2475 1552 2535 iram
1594 2494 1778 2554 quam
1819 2474 2183 2538 minuendo:

473 2569 598 2631 Hic
637 2582 839 2633 tamen
880 2573 943 2634 in
986 2576 1106 2635 fine
1146 2574 1310 2652 fugit,
1355 2584 1416 2635 et
1456 2575 1534 2634 de
1575 2584 1734 2634 sorte
1774 2574 1944 2634 ruine

471 2668 608 2745 Que
649 2673 810 2732 mala
849 2672 1186 2750 spondebat
1225 2672 1354 2733 aliis
1393 2670 1556 2750 prius
1597 2671 1727 2750 ipse
1766 2672 1985 2733 luebat.

469 2767 622 2829 Sunt
663 2767 746 2829 ita
786 2770 1036 2849 predicti
1075 2770 1273 2832 cordis
1313 2764 1632 2874 formidine
1671 2769 1830 2844 victi,

469 2865 567 2925 De
607 2866 843 2947 propria
881 2868 1003 2928 viui
1043 2879 1196 2929 terra
1236 2870 1402 2947 quod
1443 2878 1582 2929 sunt
1623 2866 1872 2946 fugitiui.

549 2966 725 3026 Tunc
749 2977 882 3027 ‘tres
921 2986 1193 3045 persone,
1235 2966 1340 3045 qui
1381 2964 1542 3045 pleni
1582 2977 1724 3025 sunt
1762 2964 2019 3039 racione,

472 3061 778 3123 Iusticiam
819 3074 1090 3141 querunt,
1134 3084 1332 3141 regem
1374 3083 1552 3140 super
1590 3065 1709 3123 hoc
1750 3062 2041 3123 adierunt.

470 3159 604 3219 Rex
641 3161 752 3221 fuit
791 3161 870 3222 ad
910 3180 1112 3221 muros
1152 3161 1357 3221 Turris
1396 3179 1792 3239 proceresque
1830 3161 2059 3221 futuros

467 3256 651 3331 Vidit,
696 3268 757 3318 et
797 3278 870 3319 ex
909 3257 1038 3319 visu
1079 3258 1362 3337 cognouit
1403 3278 1468 3319 se
1508 3257 1638 3319 sine
1679 3257 1816 3318 risu.

466 3355 726 3416 Armatis
767 3354 954 3416 turbis
995 3367 1194 3435 portas
1235 3356 1590 3417 intrantibus
1630 3354 1808 3428 vrbiS,

469 3453 702 3513 Intrant
741 3454 1000 3515 audaces
1040 3473 1320 3532 proceres
1355 3452 1417 3513 in
1458 3473 1608 3531 pace
1648 3472 1974 3531 sequaces3

467 3548 705 3610 Turrim
745 3560 1047 3629 ceperunt,
1091 3550 1193 3611 vbi
1233 3550 1384 3629 regis
1425 3553 1654 3613 honore
1693 3561 2000 3612 steterunt.

466 3645 614 3707 Eius
653 3658 716 3707 vt
757 3668 794 3708 a
833 3650 1014 3710 latere
1053 3648 1273 3709 vicium
1313 3648 1572 3727 poterint
1611 3669 1935 3723 remouere,

466 3745 576 3805 Est
617 3744 727 3806 iter
765 3744 1095 3821 inuentum,
1141 3756 1406 3807 statuunt
1447 3766 1570 3824 quo
1611 3746 2084 3825 parliamentum,

465 3842 550 3901 Vt
589 3840 674 3903 sic
713 3854 1030 3921 purgarent
1069 3843 1354 3922 regnique
1393 3856 1613 3905 statum
1655 3856 2007 3923 repararent.

545 3941 731 4001 Terra
769 3952 1023 4001 covnata
1061 3944 1250 4003 fuerat
1289 3943 1368 4003 de
1409 3944 1540 4021 lege
1579 3953 1792 4003 vocata
1813 3964 1832 4018 3

466 4038 600 4098 Rex
639 4040 824 4114 sedet,
868 4050 928 4100 et
967 4050 1162 4101 tutum
1202 4040 1314 4101 fuit
1355 4060 1424 4102 os
1465 4060 1788 4102 commune
1827 4041 2111 4102 locutum.

468 4135 632 4196 Dicit
672 4134 850 4209 enim,
895 4139 1042 4198 tales
1083 4137 1188 4215 qui
1226 4138 1378 4216 regis
1420 4139 1787 4199 collaterales

466 4234 797 4296 Extiterant
835 4247 1060 4313 genteS‚
1102 4255 1280 4315 super
1319 4239 1438 4297 hoc
1479 4238 1645 4314 quod
1685 4247 1826 4297 sunt
1865 4236 2171 4315 fugientes,

467 4331 768 4405 Iudicium
808 4334 926 4394 tale
965 4332 1078 4394 fuit
1117 4333 1358 4395 exilium
1396 4335 1705 4413 generale:

1529 4462 1624 4511 133
1657 4448 1791 4511 legis
1814 4448 1869 4501 H

2338 936 2431 974 100

2333 1916 2427 1954 110

2328 2893 2425 2930 120

2326 3868 2421 3918 130

2064 4446 2272 4499 collater
2288 4448 2399 4500 ales
2424 4448 2467 4501 C

2541 484 2666 545 317

2610 614 2843 675 Qualiter
2860 615 3025 664 statim
3044 621 3164 678 post

2544 678 2717 741 sugam
2781 682 2904 730 dicti
2950 681 3165 730 Comitis

2546 744 2755 795 Oxonie
2772 746 3079 795 Alexander
3096 748 3163 796 de

2544 810 2593 858 N
2596 810 2715 859 evill
2780 819 2904 862 ωηο
2974 812 3166 861 Ebora-

2542 876 2711 926 censis
2740 878 3157 942 archiepiscopus,

2541 942 2629 1004 qui
2644 942 2806 992 eciam
2826 958 2941 992 cum
2958 958 3082 1003 rege
3106 944 3160 992 in

2536 1009 2640 1057 suis
2648 1009 2899 1059 erroribus
2910 1010 3165 1073 particeps

2539 1080 2663 1135 erat,
2679 1081 2800 1123 tunc
2816 1083 2957 1125 metu
2978 1076 3162 1125 ductus

2539 1140 2791 1188 consimili
2864 1141 2985 1203 fuga
3062 1156 3159 1204 per

2540 1220 2681 1254 mare
2704 1220 2824 1255 reus
2847 1208 3028 1259 euasit.

2614 1398 2849 1461 Qualiter
2858 1400 3075 1451 Micbael
3094 1404 3161 1452 de

2537 1463 2589 1513 la
2608 1464 2745 1527 Pole,
2760 1466 2951 1517 Comes
2970 1468 3160 1517 Suffol-

2542 1531 2641 1590 cie,
2685 1532 2773 1593 qui
2823 1538 2946 1581 tunc
3019 1536 3159 1596 regis

2539 1596 2889 1646 cancellarius
2898 1605 3021 1658 erat,
3035 1600 3157 1650 dum

2540 1675 2599 1711 se
2623 1661 2927 1724 culpabilem
2946 1665 3151 1729 senciit,

2538 1734 2683 1776 trans
2712 1743 2853 1777 mare
2883 1730 3044 1779 eciam
3069 1746 3157 1780 na-

2537 1792 2761 1853 uigando
2813 1794 2879 1842 ad
2938 1796 3155 1847 salutem

2532 1858 2653 1907 alibi
2676 1873 2737 1907 se
2752 1857 2981 1910 muniuit.

2602 1986 2839 2047 Qualiter
2858 1988 3021 2037 eciam
3046 1990 3155 2052 epi-

2534 2064 2723 2115 scopus
2745 2053 3015 2117 cicestrie,
3032 2062 3157 2105 tunc

2536 2118 2677 2179 regis
2715 2119 2994 2183 confessor,
3028 2136 3154 2170 con-

2534 2184 2670 2233 scius
2698 2182 2849 2245 culpe
2882 2192 3061 2235 extera
3083 2187 3156 2236 lo-

2532 2262 2593 2297 ea
2627 2256 2811 2311 petens
2843 2251 3046 2313 propria
3084 2252 3155 2302 fu-

2533 2313 2724 2377 giendo
2748 2315 2968 2378 reliquit.

2597 2964 2830 3027 Qualiter
2846 2973 2954 3016 tres
2977 2982 3155 3029 proce-

2530 3046 2616 3081 1·oe
2630 3034 2695 3081 de
2707 3033 2917 3093 querela
2929 3034 3154 3082 antedic-

2530 3097 2570 3145 ti
2618 3098 2914 3147 Londonias
2960 3100 3155 3160 pariter

2529 3162 2877 3221 aduenienteS,
2891 3178 3005 3212 cum
3018 3180 3155 3228 rege,

2531 3234 2654 3277 tunc
2676 3230 2811 3290 apud
2836 3228 3039 3277 Turrim
3061 3246 3150 3279 ex-

2530 3292 2736 3356 istente,
2780 3309 2877 3356 pro
2922 3294 3152 3344 remedio

2530 3360 2584 3407 in
2617 3359 2882 3421 premissis
2918 3360 3152 3422 optinen-

2530 3424 2615 3483 do,
2651 3432 2858 3474 seruata
2896 3426 3035 3487 regis
3073 3442 3155 3475 re-

2530 3491 2787 3551 uerencia,
2846 3491 3153 3553 colloquium

2529 3556 2797 3618 pacificum
2832 3556 3149 3607 habuerunt:

2528 3621 2667 3670 vnde
2691 3622 2756 3669 de
2777 3623 2916 3683 regis
2936 3636 3151 3672 consen-

2529 3702 2592 3735 su
2606 3684 2995 3749 parliamentum
3016 3688 3151 3739 infra

2528 3751 2687 3801 breue
2744 3752 3027 3802 Londoniis
3076 3760 3151 3803 te-

2527 3818 2757 3867 nendum
2781 3819 3133 3881 optinuerunt.

2571 3951 2809 4012 Qualiter
2821 3952 2873 3999 in
2888 3950 3149 4015 principio

2527 4018 2851 4079 parliamenti
2867 4018 3149 4067 concorda-

2526 4090 2635 4131 tum
2650 4090 2744 4143 est,
2760 4085 2895 4145 quod
2910 4083 3150 4133 absencia

2527 4155 2651 4198 tunc
2697 4148 2898 4198 illorum
2944 4150 3044 4210 qui,
3092 4156 3149 4197 vt

2526 4214 2852 4277 premittitur,
2900 4230 2932 4262 a
2981 4228 3147 4275 regno

2525 4287 2715 4342 sponte
2770 4280 3048 4339 fugierunt,
3094 4280 3147 4327 in

2528 4351 2833 4408 perpetuum
2936 4342 3147 4393 exilium
