3434 5142
794 492 879 554 40

1496 471 1695 537 VOX
1753 468 2298 538 CLAMANTIS

961 633 1074 706 Fit,
1120 650 1318 710 neque
1358 631 1665 710 murelego
1704 632 1927 709 pardus
1965 630 2182 691 obesse
2223 640 2460 708 potest:

964 731 1105 793 Hec
1145 741 1270 791 erat
1309 730 1409 791 illa
1449 729 1595 805 dies,
1639 729 1856 791 mediis
1895 746 2018 806 qua
2055 728 2208 789 liber
2245 729 2310 788 in
2349 729 2508 789 aruis

961 828 1063 890 Ad
1103 828 1317 907 predas
1358 828 1602 906 rapidus
1642 836 1796 889 errat
1836 826 2059 905 vbique
2099 828 2292 904 lupus·

1046 926 1186 987 Hec
1227 938 1351 989 erat
1392 926 1492 987 ina
1530 918 1679 1001 dien,¹
1723 926 1938 987 fortem
1979 942 2100 1003 qua
2138 922 2372 998 debilia,
2413 924 2602 985 altum

965 1025 1237 1099 InfimuS,
1278 1034 1341 1087 et
1380 1042 1665 1103 magnum
1704 1022 1926 1101 pariius
1964 1022 2186 1101 vbique
2214 1022 2380 1084 terit:
2903 1030 3003 1097 650

966 1123 1106 1185 Hec
1132 1132 1259 1185 erat
1298 1122 1397 1183 illa
1438 1122 1585 1197 dica,
1628 1120 1830 1183 subito
1869 1139 1991 1199 qua
2030 1121 2290 1181 maxima
2329 1136 2584 1199 quercus
2823 1110 2830 1115 ’

966 1223 1023 1282 A
1060 1221 1307 1282 modico
1344 1220 1556 1281 leuiter
1592 1220 1880 1281 stramine
1917 1218 2085 1279 vulsa
2123 1218 2318 1280 cadit:

968 1322 1107 1381 Hec
1148 1330 1271 1381 erat
1312 1320 1412 1380 illa
1453 1318 1600 1393 diez,
1642 1318 1862 1396 singilis
1901 1336 2022 1397 qua
2059 1318 2260 1395 teg-ula
2297 1316 2452 1378 vires

967 1418 1335 1477 Marmoreas
1375 1416 1517 1477 vicit
1556 1414 1780 1477 viribus
1821 1416 1922 1475 illa
1960 1415 2116 1476 suis:

969 1516 1131 1577 Ecce
1171 1515 1318 1590 dies¹
1362 1515 1425 1575 in
1467 1532 1587 1593 qua
1626 1532 1737 1593 sua
1759 1502 2060 1574 ‘anamina
2095 1524 2358 1576 stramen
2397 1512 2678 1585 habebat,

967 1615 1108 1691 Que
1148 1614 1315 1673 nullo
1354 1613 1556 1691 precio
1593 1630 1776 1691 grana
1815 1612 2011 1673 valere
2049 1620 2299 1690 putant:

968 1710 1111 1771 Hec
1151 1721 1275 1773 erat
1316 1710 1415 1771 illa
1455 1710 1602 1784 dies,
1647 1728 1769 1789 qua
1807 1708 2081 1771 libertate
2119 1708 2382 1785 dolente,

968 1808 1209 1870 Gaudet
1249 1807 1545 1869 rusticitas
1582 1808 1910 1869 rusticitate
1949 1826 2096 1870 sua:

970 1907 1111 1967 Hec
1151 1916 1277 1967 erat
1316 1906 1417 1967 illa
1456 1905 1604 1981 diez
1648 1923 1858 1967 seruos
1896 1922 2018 1983 que
2056 1905 2225 1967 duxit
2265 1906 2328 1967 in
2367 1906 2575 1979 altum,

971 2003 1254 2065 Subdidit
1294 2012 1354 2065 et
1393 2022 1685 2082 proceres,
1731 2021 1847 2066 nec
1887 2004 2029 2064 sinit
2067 2022 2202 2066 esse
2239 2022 2445 2082 pareo:
2907 2011 3009 2064 660
3110 1994 3115 1997 ’

972 2102 1113 2163 Hec
1154 2111 1279 2164 erat
1320 2102 1419 2162 illa
1460 2101 1607 2176 dies,
1652 2102 1935 2162 virtutum
1977 2101 2106 2163 dira
2146 2120 2408 2163 nouerca

932 2252 935 2255 ,
972 2199 1113 2276 Que
1151 2199 1261 2260 fuit
1300 2208 1365 2261 et
1404 2200 1607 2261 cuncti
1646 2208 1839 2261 mater
1877 2200 1944 2260 in
1983 2198 2132 2261 orbe
2169 2200 2348 2259 mali:

973 2296 1113 2357 Hec
1153 2306 1279 2359 erat
1317 2297 1419 2357 illa
1457 2297 1605 2371 diesi,
1650 2316 1772 2375 qua
1812 2297 2146 2375 prete-iisse
2185 2298 2445 2357 futuram

974 2394 1086 2455 Est
1124 2395 1229 2473 qui
1267 2396 1356 2455 vir
1396 2396 1634 2473 sapiens
1674 2396 1874 2457 omnis
1915 2396 1978 2456 in
2017 2394 2166 2457 orbe
2205 2395 2386 2473 cupit.

1056 2493 1197 2553 Hec
1236 2504 1361 2553 erat
1402 2493 1502 2553 illa
1542 2493 1690 2568 dieze,
1733 2494 2111 2555 manifestam
2151 2491 2417 2553 numinis
2458 2492 2606 2553 iram

976 2592 1114 2667 Qua
1154 2607 1266 2668 pro
1304 2590 1566 2669 peccatis
1606 2590 1865 2669 quisque
1905 2590 2108 2652 venire
2145 2591 2353 2653 timet:

976 2688 1117 2749 Hec
1156 2698 1281 2749 erat
1321 2688 1419 2747 illa
1460 2687 1607 2763 dies,
1651 2706 1773 2767 que
1811 2690 1942 2751 sola
1981 2688 2293 2751 tremenda
2331 2704 2440 2767 per
2477 2686 2688 2750 orbem

972 2786 1293 2865 Tanquam
1332 2786 1537 2847 iudicii
1578 2787 1758 2865 plena
1797 2787 2028 2848 timoris
2067 2797 2228 2848 erat:

975 2885 1117 2946 Hec
1156 2896 1281 2945 erat
1322 2885 1423 2945 illa
1462 2886 1612 2958 dies,
1656 2885 1738 2947 de
1778 2903 1914 2964 qua,
1959 2886 2008 2946 si
2051 2902 2190 2947 vera
2229 2885 2499 2958 fatemur,

975 2981 1233 3044 Cronica
1274 2983 1649 3045 consimilem
1690 2983 1856 3043 nulla
1895 3000 2002 3061 pet
2039 2992 2182 3043 ante
2221 2981 2419 3043 docet.
2915 2988 3016 3055 670

975 3081 1121 3140 Heu
1163 3098 1345 3158 quam
1386 3080 1696 3142 terribilis!
1753 3080 1874 3142 heu
1915 3098 2098 3158 quam
2139 3080 2321 3141 tristis
2358 3080 2456 3141 vel
2495 3094 2696 3140 amara
2717 3082 2755 3139 Ξ·

976 3178 1177 3253 Quam
1220 3178 1485 3239 districta
1526 3179 1697 3239 malis
1737 3188 1884 3239 tunc
1923 3179 2035 3239 fuit
2075 3178 2176 3239 illa
2218 3178 2384 3240 dies!

976 3276 1153 3336 Vlcio
1192 3276 1428 3337 celestis
1467 3277 1663 3353 grauis
1703 3288 1766 3337 et
1807 3276 1978 3338 velox
2020 3286 2082 3337 et
2121 3285 2326 3353 aperta

979 3374 1262 3435 Destruat
1302 3375 1415 3437 hos
1454 3393 1561 3453 per
1600 3393 1758 3453 quos
1799 3374 1886 3435 sic
1926 3374 2066 3436 furit
2106 3374 2206 3434 illa
2245 3374 2396 3435 dies.

977 3472 1179 3534 Tarda
1218 3472 1293 3533 sit
1333 3472 1433 3533 illa
1474 3474 1622 3547 dies,
1665 3483 1872 3535 nostro
1913 3472 2118 3534 redeat
2159 3490 2272 3534 nec
2312 3471 2377 3532 in
2418 3488 2554 3547 cuo,

976 3567 1153 3631 Absit
1193 3579 1254 3632 et
1298 3571 1412 3631 hec
1452 3588 1633 3631 causa
1672 3589 1792 3650 qua
1833 3570 2095 3632 reditura
2135 3571 2324 3631 foret:

979 3667 1041 3728 Si
1083 3668 1247 3745 prius
1287 3677 1379 3730 est
1418 3668 1645 3747 aliquid
1687 3666 1864 3728 nobis
1907 3668 2021 3728 hac
2061 3668 2198 3729 luce
2235 3667 2585 3745 petendum,

980 3764 1057 3825 In
1097 3765 1230 3825 loca
1271 3784 1350 3826 ne
1390 3766 1594 3827 redeat
1632 3766 1890 3844 amplius
1931 3765 2045 3827 ista
2085 3783 2249 3843 rogo·

888 3974 1007 4031 Hic
1054 3975 1205 4032 dicit
1253 3991 1327 4032 ee
1372 3992 1485 4046 per
1531 3978 1887 4047 sompnium
1932 3977 2195 4045 vidi-ee,
2251 3975 2437 4046 quod,
2495 3974 2746 4044 quando
2801 3988 3026 4030 omne·

817 4062 1095 4133 predicte
1118 4064 1281 4120 fni-ie
1304 4065 1371 4120 in
1392 4080 1590 4120 vnum
1613 4065 1966 4123 extiterant
1999 4064 2409 4135 congregate,
2432 4062 2686 4133 qnidam
2719 4062 3026 4119 Graculus

882 4220 985 4271 666
1014 4220 1191 4270 viuere
1212 4220 1431 4284 quisque
1459 4222 1507 4271 D

886 4299 1013 4362 Cap.
1035 4298 1105 4349 ix.
1127 4297 1381 4363 Headt'ng.
1422 4313 1453 4347 ο
1468 4298 1623 4360 Afler
1634 4297 1890 4350 Graculus
1910 4298 1986 4350 H·
1998 4298 2096 4349 has
2109 4298 2206 4347 sibi
2224 4304 2414 4349 statum
2433 4298 2702 4361 regiminis
2717 4298 3030 4361 presumpsit

816 4378 1033 4429 aliorum
1062 4384 1115 4427 et
1144 4376 1199 4426 in
1220 4378 1297 4427 rei
1318 4378 1538 4427 νει-ἥατο
1560 4376 1648 4427 ille
1668 4378 1926 4429 Graculus
1948 4377 2047 4428 fuit
2066 4378 2173 4428 dux
2191 4392 2394 4439 eorum,
2413 4376 2506 4440 qui
2531 4377 2784 4428 Graculus
2807 4377 3030 4441 angilice

818 4465 1031 4507 vocatus
1050 4462 1132 4505 eet
1152 4470 1185 4505 a
1204 4470 1339 4519 gaye
1360 4464 1416 4505 et
1435 4456 1724 4505 secundum
1743 4455 1958 4519 vulg-are
1983 4454 2176 4507 dictum
2197 4455 2492 4520 appellatur
2511 4454 2709 4509 Watte.
