3434 5142
1149 481 1435 548 LIBER
1492 481 1948 561 QUARTUS
2539 504 2564 550 1
2580 505 2656 566 73

697 641 838 715 Cur,
882 660 1089 720 queso,
1132 639 1333 722 cupiat
1374 642 1695 722 quicquam
1739 641 1842 722 qui
1883 653 2101 704 cuncta
2135 640 2418 722 reliquit?

616 739 717 799 Ad
760 741 917 798 mala
956 758 1063 800 cur
1100 741 1305 802 redeat
1346 739 1451 819 qui
1492 740 1655 802 bona
1692 741 1850 801 facta
1889 751 2070 802 vouet
2085 743 2114 800 Ρ

614 837 863 897 Terram
903 848 1295 917 contempnas
1337 837 1443 917 qui
1480 840 1678 900 celum
1720 837 1918 916 queris
1958 838 2216 915 habere3

616 931 680 994 Si
720 953 1000 997 mansura
1037 947 1221 1014 petas
1266 937 1380 997 hec
1419 935 1668 1014 fugitiua
1706 937 1861 1015 fuge.
2561 957 2660 1011 250

614 1031 934 1110 Numquid
972 1033 1200 1095 habent
1239 1033 1522 1096 monachi
1560 1033 1866 1114 proprium
1907 1035 1987 1096 de
2025 1032 2153 1096 iure
2192 1032 2416 1097 creati?

615 1128 840 1190 Nescio
881 1131 959 1191 de
998 1129 1143 1206 iure,
1185 1141 1251 1193 tu
1292 1143 1495 1193 tamen
1534 1143 1673 1193 acta
1708 1131 1864 1194 vide.

616 1225 681 1288 Si
719 1227 914 1290 feretri
954 1240 1174 1305 custos,
1216 1229 1435 1308 poterit
1474 1231 1622 1292 dum
1662 1249 1905 1310 carpere
1941 1249 2242 1304 nummos,

619 1323 786 1402 Quid
824 1325 1133 1406 proprium
1174 1327 1384 1406 querit,
1428 1326 1529 1390 hic
1569 1327 1756 1390 michi
1795 1325 1962 1388 testis
2003 1327 2152 1404 erit3

617 1425 737 1486 Seu
779 1426 945 1502 quod
985 1424 1049 1486 in
1092 1420 1323 1488 officiis‘
1346 1427 1677 1487 monachus
1720 1426 2086 1504 quandoque
2125 1426 2400 1506 regendis

617 1521 865 1601 Propria
903 1536 1235 1599 conseruat,
1278 1522 1469 1585 exitus
1508 1535 1643 1586 acta
1682 1523 1913 1602 probat.

618 1621 681 1682 N
681 1641 781 1681 am
822 1641 962 1682 cum
1003 1621 1308 1701 congeries
1348 1621 1464 1684 sibi
1504 1621 1595 1696 sit,
1638 1633 1786 1683 tunc
1827 1620 1971 1682 inde
2009 1631 2261 1702 nepotes

622 1717 808 1794 Ditat,
852 1729 913 1781 et
954 1739 1031 1780 en
1072 1723 1327 1784 claustra
1364 1719 1453 1782 sic
1492 1731 1661 1798 parat
1698 1718 1830 1798 ipse
1869 1738 2069 1794 noua;

621 1818 897 1896 Sepeque
937 1837 1090 1896 quos
1130 1828 1305 1880 natos
1344 1816 1531 1898 gignit
1572 1829 1748 1880 vocat
1787 1815 1918 1896 ipse
1957 1827 2227 1896 nepotes,

617 1917 721 1976 Ad
761 1916 1003 1977 laudem
1042 1913 1311 1989 VeneriS,
1355 1935 1538 1994 quam
1578 1914 1722 1977 colit
1761 1913 1892 1993 ipse
1931 1913 2102 1993 pius:
2565 1924 2663 1976 260

620 2013 768 2074 Eius
809 2013 971 2075 enim
1014 2013 1137 2074 nati
1178 2025 1319 2075 sunt
1357 2015 1501 2076 ficto
1540 2013 1790 2075 nomine
1827 2013 1998 2088 versi,

618 2113 929 2190 Versaque
969 2111 1055 2174 sic
1094 2112 1285 2192 pietas
1326 2132 1472 2175 ceca
1510 2111 1742 2174 iuuabit
1782 2131 1904 2174 eos,

700 2209 799 2271 Sic
839 2209 997 2288 viget
1037 2209 1100 2270 in
1140 2209 1411 2271 claustris
1450 2209 1779 2272 elemosina
1819 2210 1960 2270 ficta
1997 2207 2263 2284 sinistris,

621 2309 787 2369 Dum
829 2309 1161 2368 monachus
1202 2307 1416 2385 genitis
1456 2309 1561 2369 dat
1600 2327 1710 2369 sua
1750 2309 1914 2369 dona
1953 2305 2114 2370 suis:

514 2450 521 2466 .
619 2405 718 2467 Sic
759 2407 929 2466 floret
969 2404 1159 2484 pietas
1200 2406 1431 2467 mundo
1472 2416 1701 2466 secreta
1739 2403 1996 2479 monilis,

619 2503 792 2565 Talia
832 2506 1101 2582 dumque
1141 2502 1270 2566 dari
1310 2503 1479 2582 fingit
1518 2523 1724 2564 amore
1767 2502 1882 2566 dei.

621 2603 780 2665 Cum
821 2603 1045 2662 furtum
1085 2599 1313 2662 licitum
1353 2600 1545 2675 fuerit,
1588 2612 1735 2662 tunc
1775 2599 1974 2663 dicere
2013 2619 2261 2681 possum

624 2700 812 2777 Quod
850 2698 990 2760 licet
1030 2718 1105 2760 ex
1144 2699 1311 2760 dono
1352 2698 1491 2760 talia
1528 2702 1680 2761 ferre
1721 2699 1878 2774 de03

624 2798 728 2858 Set
769 2795 873 2875 qui
915 2795 1001 2857 sic
1042 2795 1313 2875 proprios
1352 2796 1700 2858 communia
1739 2796 1914 2858 vertit
1953 2794 2018 2857 in
2058 2815 2216 2872 vsus,

624 2895 717 2954 Ex
758 2893 971 2955 merito
1012 2893 1160 2955 doni
1200 2895 1312 2956 fert
1353 2894 1672 2956 maledicta
1711 2894 1849 2956 dei:
2570 2913 2666 2970 ²70

622 2991 874 3053 Talibus
914 2991 977 3052 in
1018 2991 1195 3054 donis
1236 3003 1558 3054 curuantur
1596 2993 1854 3053 claustra
1892 2991 2094 3068 ruiniS,

622 3091 861 3152 Horrea
901 3111 1040 3152 cum
1078 3089 1275 3170 granis
1316 3089 1771 3170 compaciuntur
1811 3089 1914 3150 eis.

625 3189 887 3252 Centum
928 3191 1268 3250 claustrales
1309 3199 1696 3260 macerantur,
1741 3198 1804 3247 vt
1842 3184 1929 3247 hii
1969 3189 2094 3250 duo
2134 3188 2231 3248 vel
2270 3195 2404 3261 σεε,

626 3285 855 3350 Officiis
896 3288 1045 3348 dum
1086 3297 1261 3361 stant,
1304 3284 1549 3365 pinguia
1588 3285 1754 3346 labra
1792 3297 2014 3364 gerant.

628 3387 645 3418 ‘
661 3383 885 3446 Omnia
923 3395 1064 3445 sunt
1105 3385 1341 3458 nostra,’
1382 3383 1608 3467 dicunt,
1652 3385 1791 3442 lanx
1830 3403 1956 3443 non
1996 3393 2197 3444 tamen
2239 3401 2396 3462 equa

624 3484 874 3557 Pendet,
919 3484 1066 3544 dum
1107 3483 1270 3542 solus
1309 3483 1445 3560 plus
1484 3479 1644 3559 capit
1682 3478 1812 3559 ipse
1852 3479 2056 3541 tribus.

532 3718 655 3774 Hic
719 3719 1001 3788 loquitur
1064 3717 1337 3789 qualiter
1400 3717 1697 3774 monachi
1763 3719 1948 3773 extra
2015 3717 2363 3772 clausu-um
2419 3729 2668 3784 vagare

460 3821 593 3864 uon
628 3807 874 3862 debent.

294 3930 495 4006 Capm.
528 3949 583 3989 v.
708 3931 818 3990 Est
860 3947 1023 3988 mare
1061 3925 1317 3988 viuentis
1356 3925 1657 3988 habitacio
1698 3944 1961 4004 congrua
1999 3922 2194 4004 piscia

626 4027 707 4098 Et
747 4028 1071 4087 claustrum
1110 4024 1395 4086 monachi
1434 4035 1551 4089 stat
1591 4026 1812 4085 domus
1849 4035 1992 4101 apta
2031 4021 2182 4084 sibi:

624 4127 709 4185 Vt
752 4144 914 4186 mare
954 4125 1271 4186 defunctos
1312 4122 1563 4184 retinere
1603 4133 1784 4200 negat
1822 4120 1938 4182 sibi
1976 4120 2188 4200 pisces,

625 4221 725 4284 Sic
766 4223 1088 4283 claustrum
1132 4222 1463 4282 monachos
1505 4219 1733 4281 euomit
1773 4219 1918 4281 inde
1958 4219 2164 4280 malos.
2569 4227 2668 4279 280

626 4321 775 4382 Non
816 4319 957 4381 foris
998 4340 1036 4381 a
1075 4315 1343 4380 claustris
1384 4318 1733 4391 monachus,
1777 4336 1892 4378 nec
1930 4335 2089 4397 aqua
2127 4317 2254 4380 fore
2295 4315 2473 4397 piscis

1134 4489 1233 4538 273
1266 4483 1321 4526 vt
1344 4473 1451 4542 (ut)
1475 4473 1815 4526 canc-nm·
1879 4479 1934 4524 et
1955 4474 1996 4526 s
