3434 5142
853 402 980 463 286
1554 398 1755 463 VOX
1810 396 2355 463 CLAMANTIS

929 602 1049 657 Hic
1071 602 1350 670 loquitur
1371 600 1448 657 de
1475 598 1783 671 priucipio
1806 598 2160 655 creneionis
2180 598 2475 654 humane.
2544 598 2844 654 Declarat
2868 600 3085 655 eciam

862 690 1136 758 qualiter
1182 687 1451 743 mundun
1500 689 1582 743 ad
1627 704 1817 745 vnum
1861 688 2157 753 hominis,
2205 690 2273 743 et
2317 687 2507 742 homo
2556 687 2640 741 ad
2688 688 2921 743 cultum
2965 686 3085 742 dei

864 780 1118 833 creatus
1141 777 1388 839 extititz
1425 778 1520 833 ita
1544 777 1730 846 qnod,
1758 778 1819 831 ni
1842 776 2032 831 homo
2056 775 2239 831 deum
2263 788 2445 831 onum
2481 775 2693 831 debite
2722 790 2855 829 non
2878 776 3084 839 colat,

865 866 1130 919 mundun
1155 880 1274 935 qne
1298 880 1422 920 oua
1442 867 1596 921 nunt
1615 864 1854 919 homini
1876 864 2097 920 debita
2118 862 2325 919 officia
2345 863 2619 919 vitain·
2651 860 2907 919 reddere
2938 878 3083 917 non

868 954 1180 1009 teneatur.

681 1071 876 1147 Capm.
911 1074 982 1133 vi.
1111 1074 1170 1135 O
1211 1074 1260 1133 si
1302 1090 1441 1135 vera
1481 1074 1704 1151 loquar,
1754 1072 2043 1151 quicquid
2083 1071 2197 1134 sibi
2240 1074 2503 1134 mundus
2544 1072 2778 1151 iniqum

1030 1172 1258 1245 Gestat,
1304 1172 1490 1232 homo
1531 1172 1692 1232 solus
1734 1178 1826 1232 est
1867 1171 2055 1249 magis
2095 1172 2241 1233 inde
2280 1190 2433 1233 reus.
2978 1192 3089 1243 510

1029 1270 1262 1347 Scripta
1301 1269 1526 1329 docent
1565 1269 1839 1342 Genesis,
1882 1270 2078 1347 primo
2118 1286 2259 1329 cum
2300 1270 2579 1331 conditor
2619 1268 2829 1329 orbem

1031 1368 1298 1441 Fecerat,
1343 1367 1456 1426 hec
1497 1367 1706 1427 dicens
1748 1367 1879 1444 ipse
1920 1368 2145 1427 creauit
2184 1366 2422 1428 Adam:

1035 1470 1052 1499 ⁸
1070 1468 1202 1527 Nos
1242 1466 1566 1540 faciamus,’
1605 1468 1705 1541 ait,
1754 1468 2113 1541 ‘hominem‚
2156 1468 2259 1557 qui
2303 1486 2415 1528 nos
2456 1466 2669 1527 imitari

1035 1566 1269 1641 Possit3
1321 1574 1383 1625 et
1423 1574 1486 1625 vt
1527 1564 1704 1625 nobis
1747 1565 1967 1626 seruiat
2006 1574 2189 1643 atque
2229 1566 2405 1640 colat,

1038 1664 1405 1741 Inspiremus
1447 1662 1502 1723 ei
1544 1679 1789 1723 sensum
1830 1664 2101 1737 racioniS,
2144 1682 2431 1739 amorem,

1037 1762 1180 1820 Vim
1222 1759 1620 1836 discretiuarn‚
1667 1760 1817 1839 quid
1858 1758 1933 1821 sit
1974 1768 2035 1822 et
2074 1760 2235 1823 vnde
2275 1762 2477 1822 venit:

1041 1860 1412 1935 Inspiremus
1452 1858 1510 1920 ei
1551 1858 1793 1919 factoris
1834 1858 2270 1937 cognicionem,

1042 1956 1224 2017 Vnde
1265 1967 1592 2016 creatorem
1635 1966 1845 2017 noscat
1884 1968 2166 2035 ametque
2206 1972 2403 2031 suum,

1042 2054 1198 2129 Quis
1239 2072 1383 2113 suus
1423 2064 1516 2115 est
1553 2065 1778 2125 auctor,
1823 2055 1959 2132 quis
1999 2054 2057 2115 ei
2096 2054 2266 2116 dedit
2307 2072 2438 2115 esse
2478 2054 2574 2115 vel
2614 2052 2814 2115 vnde:

1043 2150 1316 2212 Mundus
1357 2169 1498 2212 eum
1540 2153 1809 2230 sequitur
1849 2163 1909 2213 et
1950 2152 2269 2212 famulatur
2306 2152 2379 2213 ei.
2988 2174 3093 2223 520

1044 2250 1220 2310 Solus
1261 2248 1506 2309 rimetur
1545 2251 1763 2310 mentis
1804 2260 2033 2311 secreta
2072 2267 2347 2328 superne,

1047 2348 1127 2407 Et
1167 2356 1566 2425 perscrutetur
1605 2346 1837 2425 singula
1877 2348 2041 2409 solus
2083 2349 2305 2410 homo:

1045 2446 1290 2522 Singula
1329 2454 1638 2519 scrutetur,
1681 2455 1777 2506 set
1816 2446 1983 2523 quod
2024 2444 2139 2507 sibi
2180 2444 2442 2524 postulat
2480 2464 2637 2520 vsus,

1045 2542 1209 2602 Vtile
1249 2542 1344 2602 vel
1385 2542 1605 2616 credat,
1647 2540 1816 2619 quod
1858 2561 1930 2603 ve
1972 2558 2220 2604 necesse
2260 2546 2468 2623 putet?

1131 2639 1192 2701 O
1231 2638 1490 2699 sublime
1530 2637 1733 2712 decuS,
1778 2641 1973 2701 honor
2012 2642 2280 2716 eximius,
2326 2642 2509 2703 decor
2546 2643 2720 2716 altuS,

1047 2737 1132 2797 Vt
1172 2738 1248 2797 sit
1289 2737 1474 2797 homo
1515 2747 1669 2797 terra
1708 2746 1905 2797 tectus
1942 2756 2159 2816 ymago
2201 2738 2342 2800 dei!

1052 2836 1136 2895 Vt
1177 2834 1252 2895 sit
1291 2835 1372 2895 ad
1411 2836 1754 2913 exemplum
1794 2836 2033 2897 factoris
2073 2837 2297 2899 fabrica
2336 2838 2512 2913 facta,

1056 2933 1306 3010 Resque
1345 2933 1592 2993 creatori
1635 2934 2012 2995 consimilata
2052 2939 2203 2995 suoi

1053 3032 1272 3094 Cetera
1311 3047 1553 3109 queque
1593 3030 1745 3093 deus
1785 3032 1917 3093 solo
1958 3050 2236 3095 sermone
2275 3032 2518 3107 creauit,

1056 3130 1202 3189 Hoc
1241 3128 1521 3189 formauit
1560 3148 1714 3207 opus
1754 3132 2152 3209 apposuitque
2194 3150 2456 3192 manum.
2996 3154 3096 3203 530

1054 3228 1302 3287 Terrula
1341 3228 1673 3305 suscipitur,
1720 3228 2009 3288 formatur
2046 3246 2243 3290 massa
2282 3231 2513 3308 pusilla,

1055 3326 1152 3386 Fit
1191 3343 1408 3403 corpus
1449 3326 1727 3399 solidum,
1771 3326 1939 3404 quod
1978 3326 2092 3387 fuit
2130 3339 2271 3387 ante
2312 3329 2547 3389 solum:

1057 3422 1214 3485 Ossa
1256 3422 1580 3483 medullata
1620 3424 1819 3485 neruis
1860 3424 2162 3503 compegit
2202 3426 2264 3485 in
2306 3442 2510 3500 vnum,

1057 3521 1346 3580 Firmauit
1385 3538 1620 3599 gressus
1659 3522 2122 3599 composuitque
2160 3522 2452 3601 gradum:

1062 3619 1203 3678 Hiis
1244 3636 1422 3695 super
1460 3619 1694 3679 induxit
1736 3638 1918 3680 venas
1959 3630 2049 3681 set
2090 3621 2379 3698 sanguine
2418 3621 2641 3699 plenae,

1059 3716 1286 3778 Carnes
1327 3716 1566 3776 vestiuit
1605 3716 1863 3795 pellibus
1902 3728 2085 3796 atque
2123 3720 2293 3797 pilis:

1062 3812 1406 3875 Visceribus
1447 3815 1640 3892 plenis
1681 3814 1838 3876 fudit
1878 3815 2168 3894 spiracula
2208 3816 2344 3891 vite,

1063 3913 1158 3972 Ex
1195 3912 1414 3989 quibus
1455 3912 1665 3973 officiis
1705 3913 1937 3991 singula
1976 3914 2249 3975 membra
2287 3926 2535 3976 vacant:

1063 4008 1154 4071 Os
1194 4010 1470 4088 loquitur,
1514 4028 1730 4071 manus
1772 4023 2021 4086 exercet,
2064 4030 2171 4090 pes
2212 4013 2410 4085 currit,
2452 4023 2513 4074 et
2551 4030 2723 4075 aures

1063 4107 1399 4181 Ascultant,
1442 4111 1652 4169 oculus
1693 4108 1889 4170 sidera
1928 4110 2092 4171 solus
2132 4109 2334 4172 habet.
3004 4134 3106 4183 540

1066 4204 1420 4266 Viuificatur
1458 4206 1660 4284 homo,
1705 4210 1891 4286 surgit
1930 4208 2157 4269 factura
2196 4208 2482 4285 biformiS,

1770 4400 1872 4453 535
1903 4388 2008 4455 set]
2034 4394 2089 4439 et
2108 4386 2247 4441 013¹.
