3434 5142
1497 425 1694 492 VOX
1753 423 2294 491 CLAMANTIS

958 588 1149 649 Miror
1188 605 1281 662 e0,
1324 605 1533 646 musas
1574 587 1826 663 inopum
1865 586 1970 663 qui
2011 585 2142 663 lege
2181 586 2336 648 tueri

958 684 1241 760 Deberet,
1282 685 1469 746 cicius
1508 693 1788 762 aggrauat
1826 693 2036 744 auctor
2073 701 2248 761 opus.

1038 783 1331 860 Sompnia
1368 781 1716 860 perturbant
1755 799 1940 859 quam
1981 797 2126 858 sepe
2163 781 2322 844 viros
2363 781 2493 844 sine
2531 797 2729 856 eausa,

960 881 1105 942 Non
1144 899 1237 942 res
1276 890 1368 942 set
1408 898 1665 957 sompno
1705 879 1832 940 visa
1871 879 2058 956 figura
2097 880 2220 955 rei;

959 979 1057 1040 Sic
1096 979 1205 1040 tibi
1246 979 1581 1038 causidicus
1624 977 1857 1054 fingens
1898 995 2080 1054 quam
2121 994 2266 1055 sepe
2307 977 2543 1056 pericla,

960 1078 1070 1138 Est
1110 1075 1210 1138 vbi
1250 1077 1383 1154 plus
1424 1086 1671 1150 rectum,
1714 1073 2068 1136 diuaricabit
2107 1075 2254 1138 iter:

962 1175 1179 1236 Mente
1220 1175 1329 1235 tibi
1370 1174 1634 1252 loquitur
1672 1171 1880 1246 dubia,
1923 1191 2066 1232 nam
2107 1189 2294 1234 nemo
2331 1171 2548 1235 dolose

960 1273 1187 1333 Mentis
1228 1271 1451 1332 securis
1493 1269 1744 1331 vocibus
1783 1287 1918 1332 esse
1957 1279 2194 1346 potest3

960 1370 1217 1446 Questio
1258 1368 1540 1446 precedit,
1584 1367 1890 1428 racionem
1930 1366 2134 1428 fallere
2173 1367 2380 1446 pergit,

962 1469 1059 1528 De
1100 1486 1225 1545 quo
1263 1485 1389 1527 non
1429 1466 1667 1527 dubitat
1706 1475 1770 1526 te
1809 1463 2088 1526 dubitare
2125 1465 2304 1526 facit:

962 1567 1185 1627 Incutit
1227 1566 1356 1644 ipse
1394 1564 1507 1626 tibi
1546 1565 1687 1626 ficta
1727 1565 1815 1626 sic
1855 1562 1986 1642 lege
2027 1565 2322 1640 timorem,

961 1666 1167 1725 Vertat
1206 1673 1271 1724 vt
1311 1665 1375 1724 in
1417 1663 1659 1725 brutum
1702 1664 1784 1724 de
1823 1663 2064 1726 racione
2103 1665 2332 1726 virum:

961 1763 1053 1822 Ex
1092 1762 1283 1822 oculis
1324 1762 1583 1840 primum
1622 1761 1817 1835 dabis,
1861 1771 1926 1821 vt
1965 1761 2216 1822 retinere
2257 1760 2592 1822 secundum

960 1861 1181 1933 PossiS,
1224 1859 1373 1921 dum
1413 1877 1657 1920 causam
1698 1859 1796 1920 lex
1837 1859 1983 1937 regit
2027 1859 2156 1936 ipsa
2195 1868 2384 1920 tuam.

960 1957 1263 2020 Causidiei
1306 1957 1500 2019 nubes
1542 1967 1683 2018 sunt
1725 1957 1930 2018 ethera
1971 1957 2076 2035 qui
2117 1955 2560 2030 tenebrescunt,

960 2057 1189 2116 Lucem
1230 2074 1355 2134 quo
1394 2057 1539 2117 solis
1580 2073 1764 2116 nemo
1806 2055 2008 2116 videre
2047 2063 2279 2132 potest:

960 2152 1298 2216 Obfuscant
1334 2153 1561 2216 etenim
1602 2153 1752 2231 legis
1792 2152 2120 2214 clarissima
2157 2153 2304 2226 iura,

961 2252 1043 2311 Et
1080 2271 1191 2313 sua
1230 2271 1351 2313 nox
1390 2261 1543 2314 tetra
1581 2252 1865 2312 vendicat
1905 2269 2038 2312 esse
2077 2250 2280 2326 diem3

962 2350 1101 2410 Istis
1141 2350 1326 2428 inque
1365 2349 1503 2410 viris
1545 2349 1742 2426 perdit
1781 2367 1890 2410 sua
1930 2349 2160 2408 lumina
2199 2348 2502 2426 splendor,

960 2448 1187 2508 Verum
1228 2447 1530 2521 mentitur,
1575 2447 1736 2506 fraus
1779 2457 1955 2524 negat
1997 2463 2132 2506 esse
2171 2446 2376 2508 fidem.

964 2546 1089 2605 Lex
1128 2545 1267 2605 furit
1308 2554 1369 2605 et
1407 2545 1597 2621 pietas
1640 2544 1876 2617 dormit,
1921 2543 2226 2620 sapiencia
2261 2543 2427 2619 fallit,

961 2641 1083 2702 Pax
1122 2653 1345 2720 grauat,
1388 2652 1451 2702 et
1492 2643 1624 2704 lites
1666 2641 1994 2702 commoda
2033 2659 2276 2721 queque
2313 2644 2548 2708 ferunt:

962 2741 1042 2800 Et
1080 2741 1169 2802 sic
1208 2741 1303 2800 lex
1344 2739 1489 2817 legis
1527 2757 1565 2800 a
1604 2739 1746 2800 ledo
1787 2739 1939 2800 ledis
1983 2739 2046 2800 in
2087 2741 2222 2815 isto,

965 2835 1045 2893 Et
1088 2835 1179 2894 ius
1219 2851 1256 2894 a
1298 2834 1483 2910 iurgo‚
1528 2843 1800 2911 tempore
1840 2835 1970 2896 iura
2009 2835 2166 2913 legit.

962 2934 1125 2992 Vnio
1165 2943 1255 2993 set
1296 2932 1503 3008 populi
1545 2931 1720 2992 firmo
1759 2933 1811 2993 si
1851 2943 2033 2994 staret
2071 2951 2295 3009 amore,

964 3030 1271 3091 Causidici
1313 3047 1503 3090 vanus
1542 3039 1689 3091 tunc
1729 3030 1883 3092 foret
1925 3031 2028 3092 ille
2063 3041 2270 3096 status.

1046 3127 1157 3186 Est
1196 3125 1361 3187 bona
1401 3127 1497 3188 lex
1536 3127 1599 3188 in
1640 3145 1707 3188 se
1749 3129 1954 3202 fateor,
1999 3139 2202 3190 tamen
2243 3131 2374 3194 eius
2414 3129 2619 3207 inique

966 3225 1259 3286 Rectores
1298 3222 1478 3286 video
1519 3225 1758 3286 flectere
1798 3226 1928 3288 iura
1967 3227 2172 3289 modo·

965 3323 1109 3382 Non
1151 3323 1305 3397 licet,
1348 3333 1413 3383 vt
1454 3323 1679 3398 dicunt,
1722 3324 1892 3401 quod
1931 3325 2306 3402 conspiracio
2347 3325 2466 3399 fiat,

966 3421 1027 3480 N
1030 3438 1111 3481 on
1152 3432 1355 3482 tamen
1396 3421 1515 3481 hoc
1554 3420 1782 3482 faciunt
1821 3423 1992 3500 quod
2031 3441 2140 3485 sua
2181 3423 2308 3484 iura
2347 3422 2607 3484 docent=

968 3517 1197 3580 Contra
1234 3519 1604 3578 oeusidicum
1646 3519 1697 3579 si
1737 3520 1888 3597 quid
1930 3520 2110 3580 michi
2151 3521 2248 3582 lex
2289 3520 2394 3582 det
2430 3520 2752 3598 agendum,

971 3615 1051 3675 Et
1091 3625 1234 3693 peto
1274 3615 1595 3676 consilium
1634 3617 1780 3677 iuris
1821 3616 2044 3678 habere
2083 3635 2306 3692 meum,

968 3713 1147 3772 Tunc
1188 3713 1398 3773 dicunt
1438 3712 1555 3786 alii,
1600 3714 1818 3774 nolunt
1857 3714 2097 3776 obstare
2135 3715 2330 3776 sodali
2345 3734 2364 3788 3

971 3811 1071 3870 Sic
1111 3809 1339 3884 ledunt,
1381 3819 1473 3872 set
1512 3828 1619 3872 eos
1660 3811 1862 3876 ledere
1903 3830 2082 3876 nemo
2121 3823 2337 3891 potest.

971 3907 1073 3967 Sic
1112 3906 1229 3968 sibi
1267 3909 1608 3969 causidicus
1650 3910 1862 3970 mundi
1903 3912 2186 3990 perquirit
2227 3912 2502 3986 honores,

973 4004 1341 4068 Subuertens
1382 4007 1583 4086 lingue
1624 4008 1754 4068 iura
1793 4009 1992 4085 vigore
2032 4027 2174 4070 sue:

974 4102 1243 4192 castiget
1280 4104 1542 4183 reliquos
1584 4105 1679 4166 lex
1718 4123 1872 4183 quos
1913 4107 2056 4181 vult,
2097 4125 2223 4168 non
2264 4117 2468 4169 tamen
2509 4107 2688 4186 ipsos,

976 4199 1151 4274 Quos
1191 4199 1340 4261 deus
1378 4213 1484 4263 aut
1524 4204 1788 4265 mundus
1829 4205 2020 4266 nescit
2059 4205 2282 4268 habere
2323 4205 2564 4284 probos.

1769 4359 1865 4408 225
1897 4359 2000 4407 que
2023 4343 2066 4396 I.

2907 1486 3006 1523 220

2915 3446 3016 3499 240
