<?xml version="1.0" encoding="UTF-8"?>
<!DOCTYPE html PUBLIC "-//W3C//DTD XHTML 1.0 Transitional//EN"
    "http://www.w3.org/TR/xhtml1/DTD/xhtml1-transitional.dtd">
<html xmlns="http://www.w3.org/1999/xhtml" xml:lang="en" lang="en">
 <head>
  <title>
</title>
<meta http-equiv="Content-Type" content="text/html;charset=utf-8" />
  <meta name='ocr-system' content='tesseract 3.04.00' />
  <meta name='ocr-capabilities' content='ocr_page ocr_carea ocr_par ocr_line ocrx_word'/>
</head>
<body>
  <div class='ocr_page' id='page_1' title='image "./completeworksjo01macagoog_0131.png"; bbox 0 0 3434 5142; ppageno 0'>
   <div class='ocr_carea' id='block_1_1' title="bbox 1150 461 2596 545">
    <p class='ocr_par' dir='ltr' id='par_1_1' title="bbox 1150 461 2596 545">
     <span class='ocr_line' id='line_1_1' title="bbox 1150 461 2596 545; baseline 0.001 -19"><span class='ocrx_word' id='word_1_1' title='bbox 1150 462 1437 527; x_wconf 86' lang='lat' dir='ltr'>LIBER</span> <span class='ocrx_word' id='word_1_2' title='bbox 1496 461 1860 528; x_wconf 81' lang='lat' dir='ltr'>PRIMUS</span> <span class='ocrx_word' id='word_1_3' title='bbox 2519 485 2596 545; x_wconf 87' lang='lat'><strong>41</strong></span> 
     </span>
    </p>
   </div>
   <div class='ocr_carea' id='block_1_2' title="bbox 393 622 2603 857">
    <p class='ocr_par' dir='ltr' id='par_1_2' title="bbox 393 622 2603 857">
     <span class='ocr_line' id='line_1_2' title="bbox 393 622 2603 693; baseline 0 -14"><span class='ocrx_word' id='word_1_4' title='bbox 393 624 553 693; x_wconf 74' lang='lat' dir='ltr'><strong>auis,</strong></span> <span class='ocrx_word' id='word_1_5' title='bbox 596 624 847 693; x_wconf 73' lang='lat' dir='ltr'><strong>anglice</strong></span> <span class='ocrx_word' id='word_1_6' title='bbox 888 622 1047 693; x_wconf 76' lang='lat' dir='ltr'><strong>Gay,</strong></span> <span class='ocrx_word' id='word_1_7' title='bbox 1090 623 1198 693; x_wconf 77' lang='lat' dir='ltr'><strong>qui</strong></span> <span class='ocrx_word' id='word_1_8' title='bbox 1238 622 1589 692; x_wconf 70' lang='lat' dir='ltr'><strong>vulga-lter</strong></span> <span class='ocrx_word' id='word_1_9' title='bbox 1628 625 1900 679; x_wconf 73' lang='lat' dir='ltr'><strong>vocatur</strong></span> <span class='ocrx_word' id='word_1_10' title='bbox 1937 624 2176 692; x_wconf 73' lang='lat' dir='ltr'><strong>Watte,</strong></span> <span class='ocrx_word' id='word_1_11' title='bbox 2219 624 2603 693; x_wconf 69' lang='lat' dir='ltr'><strong>presumpsit</strong></span> 
     </span>
     <span class='ocr_line' id='line_1_3' title="bbox 393 708 2600 781; baseline 0 -13"><span class='ocrx_word' id='word_1_12' title='bbox 393 712 517 768; x_wconf 68' lang='lat' dir='ltr'><strong>sibi</strong></span> <span class='ocrx_word' id='word_1_13' title='bbox 541 714 783 769; x_wconf 68' lang='lat' dir='ltr'><strong>statum</strong></span> <span class='ocrx_word' id='word_1_14' title='bbox 804 708 1129 781; x_wconf 69' lang='lat' dir='ltr'><strong>regimini·</strong></span> <span class='ocrx_word' id='word_1_15' title='bbox 1154 711 1439 780; x_wconf 70' lang='lat' dir='ltr'><strong>aliorum,</strong></span> <span class='ocrx_word' id='word_1_16' title='bbox 1464 714 1531 768; x_wconf 81' lang='lat' dir='ltr'><strong>et</strong></span> <span class='ocrx_word' id='word_1_17' title='bbox 1562 711 1631 766; x_wconf 82' lang='lat' dir='ltr'><strong>in</strong></span> <span class='ocrx_word' id='word_1_18' title='bbox 1661 712 1758 767; x_wconf 74' lang='lat' dir='ltr'><strong>rei</strong></span> <span class='ocrx_word' id='word_1_19' title='bbox 1785 712 2066 770; x_wconf 72' lang='lat' dir='ltr'><strong>veritate</strong></span> <span class='ocrx_word' id='word_1_20' title='bbox 2095 714 2204 769; x_wconf 78' lang='lat' dir='ltr'><strong>ille</strong></span> <span class='ocrx_word' id='word_1_21' title='bbox 2226 713 2451 769; x_wconf 73' lang='lat' dir='ltr'><strong>Watte</strong></span> <span class='ocrx_word' id='word_1_22' title='bbox 2481 712 2600 768; x_wconf 79' lang='lat' dir='ltr'><strong>fuit</strong></span> 
     </span>
     <span class='ocr_line' id='line_1_4' title="bbox 394 800 1507 857; baseline 0 -2"><span class='ocrx_word' id='word_1_23' title='bbox 394 800 524 855; x_wconf 82' lang='lat' dir='ltr'><strong>dux</strong></span> <span class='ocrx_word' id='word_1_24' title='bbox 550 815 780 857; x_wconf 85' lang='lat' dir='ltr'><strong>eorum.</strong></span> <span class='ocrx_word' id='word_1_25' title='bbox 1499 824 1507 829; x_wconf 90' lang='lat'><strong>·</strong></span> 
     </span>
    </p>
   </div>
   <div class='ocr_carea' id='block_1_3' title="bbox 204 912 2621 4426">
    <p class='ocr_par' dir='ltr' id='par_1_3' title="bbox 204 912 2621 4426">
     <span class='ocr_line' id='line_1_5' title="bbox 204 912 2184 991; baseline 0 -16"><span class='ocrx_word' id='word_1_26' title='bbox 204 916 415 990; x_wconf 69' lang='lat' dir='ltr'><strong>Capu.</strong></span> <span class='ocrx_word' id='word_1_27' title='bbox 450 915 522 974; x_wconf 80' lang='lat' dir='ltr'><strong>ix.</strong></span> <span class='ocrx_word' id='word_1_28' title='bbox 650 914 843 991; x_wconf 87' lang='lat' dir='ltr'><strong>Copia</strong></span> <span class='ocrx_word' id='word_1_29' title='bbox 883 912 1031 974; x_wconf 87' lang='lat' dir='ltr'><strong>dum</strong></span> <span class='ocrx_word' id='word_1_30' title='bbox 1072 922 1239 973; x_wconf 82' lang='lat' dir='ltr'><strong>tanta</strong></span> <span class='ocrx_word' id='word_1_31' title='bbox 1279 924 1679 975; x_wconf 78' lang='lat' dir='ltr'><strong>monstrorum</strong></span> <span class='ocrx_word' id='word_1_32' title='bbox 1721 932 1890 975; x_wconf 86' lang='lat' dir='ltr'><strong>more</strong></span> <span class='ocrx_word' id='word_1_33' title='bbox 1927 914 2184 977; x_wconf 84' lang='lat' dir='ltr'><strong>ferarum</strong></span> 
     </span>
     <span class='ocr_line' id='line_1_6' title="bbox 570 1012 2604 1085; baseline 0.001 -14"><span class='ocrx_word' id='word_1_34' title='bbox 570 1012 780 1072; x_wconf 86' lang='lat' dir='ltr'><strong>Extitit</strong></span> <span class='ocrx_word' id='word_1_35' title='bbox 819 1012 999 1085; x_wconf 80' lang='lat' dir='ltr'><strong>vnita,</strong></span> <span class='ocrx_word' id='word_1_36' title='bbox 1044 1012 1197 1073; x_wconf 90' lang='lat' dir='ltr'><strong>sicut</strong></span> <span class='ocrx_word' id='word_1_37' title='bbox 1236 1030 1419 1073; x_wconf 83' lang='lat' dir='ltr'><strong>arena</strong></span> <span class='ocrx_word' id='word_1_38' title='bbox 1458 1012 1653 1085; x_wconf 85' lang='lat' dir='ltr'><strong>maris,</strong></span> <span class='ocrx_word' id='word_1_39' title='bbox 2503 1023 2604 1075; x_wconf 82' lang='lat'><strong>680</strong></span> 
     </span>
     <span class='ocr_line' id='line_1_7' title="bbox 478 1094 2122 1188; baseline -0.001 -17"><span class='ocrx_word' id='word_1_40' title='bbox 478 1136 485 1141; x_wconf 93' lang='lat'>·</span> <span class='ocrx_word' id='word_1_41' title='bbox 565 1109 856 1171; x_wconf 85' lang='lat' dir='ltr'><strong>Graculus</strong></span> <span class='ocrx_word' id='word_1_42' title='bbox 896 1128 1049 1171; x_wconf 86' lang='lat' dir='ltr'><strong>vnus</strong></span> <span class='ocrx_word' id='word_1_43' title='bbox 1090 1119 1215 1170; x_wconf 88' lang='lat' dir='ltr'><strong>erat</strong></span> <span class='ocrx_word' id='word_1_44' title='bbox 1254 1110 1505 1171; x_wconf 86' lang='lat' dir='ltr'><strong>edoctus</strong></span> <span class='ocrx_word' id='word_1_45' title='bbox 1546 1109 1609 1169; x_wconf 87' lang='lat' dir='ltr'><strong>in</strong></span> <span class='ocrx_word' id='word_1_46' title='bbox 1646 1094 1776 1171; x_wconf 78' lang='lat' dir='ltr'><strong>ar‘te</strong></span> <span class='ocrx_word' id='word_1_47' title='bbox 1817 1110 2122 1188; x_wconf 86' lang='lat' dir='ltr'><strong>loquendi,</strong></span> 
     </span>
     <span class='ocr_line' id='line_1_8' title="bbox 568 1206 1993 1286; baseline 0.003 -19"><span class='ocrx_word' id='word_1_48' title='bbox 568 1209 767 1285; x_wconf 86' lang='lat' dir='ltr'><strong>Quem</strong></span> <span class='ocrx_word' id='word_1_49' title='bbox 808 1209 1062 1269; x_wconf 88' lang='lat' dir='ltr'><strong>retinere</strong></span> <span class='ocrx_word' id='word_1_50' title='bbox 1101 1206 1269 1268; x_wconf 88' lang='lat' dir='ltr'><strong>domi</strong></span> <span class='ocrx_word' id='word_1_51' title='bbox 1310 1208 1475 1267; x_wconf 84' lang='lat' dir='ltr'><strong>nulla</strong></span> <span class='ocrx_word' id='word_1_52' title='bbox 1512 1217 1738 1269; x_wconf 73' lang='lat' dir='ltr'><strong>catasta</strong></span> <span class='ocrx_word' id='word_1_53' title='bbox 1777 1219 1993 1286; x_wconf 85' lang='lat' dir='ltr'><strong>potest.</strong></span> 
     </span>
     <span class='ocr_line' id='line_1_9' title="bbox 572 1305 2105 1383; baseline 0.001 -17"><span class='ocrx_word' id='word_1_54' title='bbox 572 1307 715 1379; x_wconf 89' lang='lat' dir='ltr'><strong>Hic,</strong></span> <span class='ocrx_word' id='word_1_55' title='bbox 760 1306 899 1367; x_wconf 88' lang='lat' dir='ltr'><strong>licet</strong></span> <span class='ocrx_word' id='word_1_56' title='bbox 940 1305 1237 1383; x_wconf 76' lang='lat' dir='ltr'><strong>indignuS,</strong></span> <span class='ocrx_word' id='word_1_57' title='bbox 1281 1306 1513 1367; x_wconf 89' lang='lat' dir='ltr'><strong>cunctis</strong></span> <span class='ocrx_word' id='word_1_58' title='bbox 1554 1306 1953 1380; x_wconf 81' lang='lat' dir='ltr'><strong>cernentibus,</strong></span> <span class='ocrx_word' id='word_1_59' title='bbox 1995 1307 2105 1368; x_wconf 81' lang='lat' dir='ltr'><strong>alis</strong></span> 
     </span>
     <span class='ocr_line' id='line_1_10' title="bbox 572 1402 1988 1482; baseline 0.001 -19"><span class='ocrx_word' id='word_1_60' title='bbox 572 1404 885 1482; x_wconf 82' lang='lat' dir='ltr'><strong>Expansis,</strong></span> <span class='ocrx_word' id='word_1_61' title='bbox 928 1403 1187 1481; x_wconf 85' lang='lat' dir='ltr'><strong>primum</strong></span> <span class='ocrx_word' id='word_1_62' title='bbox 1229 1405 1447 1464; x_wconf 85' lang='lat' dir='ltr'><strong>clamat</strong></span> <span class='ocrx_word' id='word_1_63' title='bbox 1488 1402 1709 1481; x_wconf 81' lang='lat' dir='ltr'><strong>habere</strong></span> <span class='ocrx_word' id='word_1_64' title='bbox 1750 1414 1988 1466; x_wconf 86' lang='lat' dir='ltr'><strong>statum.</strong></span> 
     </span>
     <span class='ocr_line' id='line_1_11' title="bbox 568 1499 2046 1580; baseline 0 -19"><span class='ocrx_word' id='word_1_65' title='bbox 568 1501 911 1580; x_wconf 87' lang='lat' dir='ltr'><strong>Prepositus</strong></span> <span class='ocrx_word' id='word_1_66' title='bbox 948 1499 1167 1561; x_wconf 76' lang='lat' dir='ltr'>baratri</span> <span class='ocrx_word' id='word_1_67' title='bbox 1207 1502 1369 1563; x_wconf 83' lang='lat' dir='ltr'><strong>velut</strong></span> <span class='ocrx_word' id='word_1_68' title='bbox 1407 1510 1502 1562; x_wconf 90' lang='lat' dir='ltr'><strong>est</strong></span> <span class='ocrx_word' id='word_1_69' title='bbox 1540 1500 1766 1563; x_wconf 86' lang='lat' dir='ltr'><strong>demon</strong></span> <span class='ocrx_word' id='word_1_70' title='bbox 1808 1502 2046 1579; x_wconf 88' lang='lat' dir='ltr'><strong>legioni,</strong></span> 
     </span>
     <span class='ocr_line' id='line_1_12' title="bbox 573 1598 1857 1677; baseline 0 -17"><span class='ocrx_word' id='word_1_71' title='bbox 573 1599 673 1660; x_wconf 91' lang='lat' dir='ltr'><strong>Sic</strong></span> <span class='ocrx_word' id='word_1_72' title='bbox 712 1599 904 1661; x_wconf 86' lang='lat' dir='ltr'><strong>malus</strong></span> <span class='ocrx_word' id='word_1_73' title='bbox 945 1600 1007 1659; x_wconf 87' lang='lat' dir='ltr'><strong>in</strong></span> <span class='ocrx_word' id='word_1_74' title='bbox 1049 1600 1231 1677; x_wconf 79' lang='lat' dir='ltr'><strong>vulgo</strong></span> <span class='ocrx_word' id='word_1_75' title='bbox 1270 1598 1487 1677; x_wconf 83' lang='lat' dir='ltr'><strong>prefuit</strong></span> <span class='ocrx_word' id='word_1_76' title='bbox 1526 1600 1640 1660; x_wconf 87' lang='lat' dir='ltr'><strong>iste</strong></span> <span class='ocrx_word' id='word_1_77' title='bbox 1680 1600 1857 1661; x_wconf 78' lang='lat' dir='ltr'><strong>malo,</strong></span> 
     </span>
     <span class='ocr_line' id='line_1_13' title="bbox 570 1697 2184 1777; baseline 0.001 -20"><span class='ocrx_word' id='word_1_78' title='bbox 570 1700 704 1758; x_wconf 80' lang='lat' dir='ltr'><strong>Vox</strong></span> <span class='ocrx_word' id='word_1_79' title='bbox 744 1698 883 1771; x_wconf 84' lang='lat' dir='ltr'><strong>sera,</strong></span> <span class='ocrx_word' id='word_1_80' title='bbox 928 1708 1060 1757; x_wconf 83' lang='lat' dir='ltr'><strong>trux</strong></span> <span class='ocrx_word' id='word_1_81' title='bbox 1100 1698 1315 1772; x_wconf 84' lang='lat' dir='ltr'><strong>vultus,</strong></span> <span class='ocrx_word' id='word_1_82' title='bbox 1358 1697 1663 1758; x_wconf 82' lang='lat' dir='ltr'><strong>verissima</strong></span> <span class='ocrx_word' id='word_1_83' title='bbox 1702 1699 1910 1759; x_wconf 87' lang='lat' dir='ltr'><strong>mortis</strong></span> <span class='ocrx_word' id='word_1_84' title='bbox 1950 1717 2184 1777; x_wconf 80' lang='lat' dir='ltr'>ymago,</span> 
     </span>
     <span class='ocr_line' id='line_1_14' title="bbox 570 1795 1850 1873; baseline -0.001 -16"><span class='ocrx_word' id='word_1_85' title='bbox 570 1795 724 1857; x_wconf 86' lang='lat' dir='ltr'><strong>Eius</strong></span> <span class='ocrx_word' id='word_1_86' title='bbox 758 1796 822 1855; x_wconf 91' lang='lat' dir='ltr'><strong>in</strong></span> <span class='ocrx_word' id='word_1_87' title='bbox 862 1796 1117 1873; x_wconf 86' lang='lat' dir='ltr'><strong>effigiem</strong></span> <span class='ocrx_word' id='word_1_88' title='bbox 1157 1806 1325 1855; x_wconf 84' lang='lat' dir='ltr'><strong>tanta</strong></span> <span class='ocrx_word' id='word_1_89' title='bbox 1364 1795 1587 1856; x_wconf 88' lang='lat' dir='ltr'><strong>dedere</strong></span> <span class='ocrx_word' id='word_1_90' title='bbox 1626 1807 1850 1856; x_wconf 87' lang='lat' dir='ltr'><strong>notam.</strong></span> 
     </span>
     <span class='ocr_line' id='line_1_15' title="bbox 572 1892 2126 1971; baseline 0 -16"><span class='ocrx_word' id='word_1_91' title='bbox 572 1896 885 1955; x_wconf 86' lang='lat' dir='ltr'><strong>Murmura</strong></span> <span class='ocrx_word' id='word_1_92' title='bbox 924 1893 1291 1971; x_wconf 80' lang='lat' dir='ltr'><strong>compressit,</strong></span> <span class='ocrx_word' id='word_1_93' title='bbox 1336 1904 1581 1954; x_wconf 86' lang='lat' dir='ltr'><strong>tenuere</strong></span> <span class='ocrx_word' id='word_1_94' title='bbox 1621 1892 1868 1955; x_wconf 84' lang='lat' dir='ltr'><strong>silencia</strong></span> <span class='ocrx_word' id='word_1_95' title='bbox 1905 1895 2126 1969; x_wconf 89' lang='lat' dir='ltr'><strong>cuncti,</strong></span> 
     </span>
     <span class='ocr_line' id='line_1_16' title="bbox 574 1992 2610 2069; baseline -0 -16"><span class='ocrx_word' id='word_1_96' title='bbox 574 1992 721 2053; x_wconf 89' lang='lat' dir='ltr'><strong>Eius</strong></span> <span class='ocrx_word' id='word_1_97' title='bbox 761 2002 825 2055; x_wconf 82' lang='lat' dir='ltr'><strong>vt</strong></span> <span class='ocrx_word' id='word_1_98' title='bbox 864 1992 1105 2054; x_wconf 88' lang='lat' dir='ltr'><strong>auditus</strong></span> <span class='ocrx_word' id='word_1_99' title='bbox 1146 1992 1223 2053; x_wconf 87' lang='lat' dir='ltr'><strong>sit</strong></span> <span class='ocrx_word' id='word_1_100' title='bbox 1262 1992 1450 2069; x_wconf 85' lang='lat' dir='ltr'><strong>magis</strong></span> <span class='ocrx_word' id='word_1_101' title='bbox 1490 2009 1595 2052; x_wconf 91' lang='lat' dir='ltr'><strong>ore</strong></span> <span class='ocrx_word' id='word_1_102' title='bbox 1636 2009 1856 2053; x_wconf 83' lang='lat' dir='ltr'><strong>sonus:</strong></span> <span class='ocrx_word' id='word_1_103' title='bbox 2509 2001 2610 2067; x_wconf 83' lang='lat'><strong>690</strong></span> 
     </span>
     <span class='ocr_line' id='line_1_17' title="bbox 568 2087 2170 2167; baseline 0.001 -17"><span class='ocrx_word' id='word_1_104' title='bbox 568 2088 816 2151; x_wconf 85' lang='lat' dir='ltr'><strong>Arboris</strong></span> <span class='ocrx_word' id='word_1_105' title='bbox 856 2090 921 2149; x_wconf 88' lang='lat' dir='ltr'><strong>in</strong></span> <span class='ocrx_word' id='word_1_106' title='bbox 962 2108 1265 2150; x_wconf 87' lang='lat' dir='ltr'><strong>summum</strong></span> <span class='ocrx_word' id='word_1_107' title='bbox 1304 2087 1676 2164; x_wconf 86' lang='lat' dir='ltr'><strong>conscendit,</strong></span> <span class='ocrx_word' id='word_1_108' title='bbox 1718 2100 1782 2149; x_wconf 88' lang='lat' dir='ltr'><strong>et</strong></span> <span class='ocrx_word' id='word_1_109' title='bbox 1823 2090 1942 2150; x_wconf 90' lang='lat' dir='ltr'><strong>oris</strong></span> <span class='ocrx_word' id='word_1_110' title='bbox 1981 2090 2170 2167; x_wconf 80' lang='lat' dir='ltr'><strong>aperti</strong></span> 
     </span>
     <span class='ocr_line' id='line_1_18' title="bbox 570 2186 1834 2265; baseline 0.002 -18"><span class='ocrx_word' id='word_1_111' title='bbox 570 2189 739 2249; x_wconf 89' lang='lat' dir='ltr'><strong>Voce</strong></span> <span class='ocrx_word' id='word_1_112' title='bbox 778 2188 901 2249; x_wconf 90' lang='lat' dir='ltr'><strong>suis</strong></span> <span class='ocrx_word' id='word_1_113' title='bbox 940 2187 1183 2265; x_wconf 84' lang='lat' dir='ltr'><strong>paribus</strong></span> <span class='ocrx_word' id='word_1_114' title='bbox 1222 2188 1363 2248; x_wconf 81' lang='lat' dir='ltr'><strong>talia</strong></span> <span class='ocrx_word' id='word_1_115' title='bbox 1401 2186 1583 2249; x_wconf 80' lang='lat' dir='ltr'><strong>verba</strong></span> <span class='ocrx_word' id='word_1_116' title='bbox 1623 2188 1834 2249; x_wconf 85' lang='lat' dir='ltr'><strong>refert:</strong></span> 
     </span>
     <span class='ocr_line' id='line_1_19' title="bbox 577 2274 2222 2363; baseline 0 -16"><span class='ocrx_word' id='word_1_117' title='bbox 577 2289 593 2317; x_wconf 91' lang='lat'>‘</span> <span class='ocrx_word' id='word_1_118' title='bbox 608 2286 679 2347; x_wconf 80' lang='lat' dir='ltr'>Q</span> <span class='ocrx_word' id='word_1_119' title='bbox 708 2274 923 2346; x_wconf 84' lang='lat' dir='ltr'><strong>seruile</strong></span> <span class='ocrx_word' id='word_1_120' title='bbox 961 2304 1151 2363; x_wconf 85' lang='lat' dir='ltr'><strong>genus</strong></span> <span class='ocrx_word' id='word_1_121' title='bbox 1191 2285 1563 2359; x_wconf 85' lang='lat' dir='ltr'><strong>miserorum,</strong></span> <span class='ocrx_word' id='word_1_122' title='bbox 1606 2303 1762 2363; x_wconf 91' lang='lat' dir='ltr'><strong>quos</strong></span> <span class='ocrx_word' id='word_1_123' title='bbox 1803 2284 1918 2347; x_wconf 89' lang='lat' dir='ltr'><strong>sibi</strong></span> <span class='ocrx_word' id='word_1_124' title='bbox 1957 2285 2222 2347; x_wconf 86' lang='lat' dir='ltr'><strong>mundus</strong></span> 
     </span>
     <span class='ocr_line' id='line_1_20' title="bbox 570 2382 1792 2463; baseline 0.002 -19"><span class='ocrx_word' id='word_1_125' title='bbox 570 2382 851 2445; x_wconf 89' lang='lat' dir='ltr'><strong>Subdidit</strong></span> <span class='ocrx_word' id='word_1_126' title='bbox 884 2402 923 2445; x_wconf 82' lang='lat' dir='ltr'><strong>a</strong></span> <span class='ocrx_word' id='word_1_127' title='bbox 961 2383 1145 2462; x_wconf 83' lang='lat' dir='ltr'><strong>longo</strong></span> <span class='ocrx_word' id='word_1_128' title='bbox 1185 2394 1455 2461; x_wconf 87' lang='lat' dir='ltr'><strong>tempore</strong></span> <span class='ocrx_word' id='word_1_129' title='bbox 1494 2384 1625 2463; x_wconf 80' lang='lat' dir='ltr'><strong>lege</strong></span> <span class='ocrx_word' id='word_1_130' title='bbox 1665 2402 1792 2457; x_wconf 86' lang='lat' dir='ltr'><strong>sua,</strong></span> 
     </span>
     <span class='ocr_line' id='line_1_21' title="bbox 573 2480 2147 2559; baseline 0 -18"><span class='ocrx_word' id='word_1_131' title='bbox 573 2482 705 2541; x_wconf 85' lang='lat' dir='ltr'><strong>Iam</strong></span> <span class='ocrx_word' id='word_1_132' title='bbox 744 2481 908 2542; x_wconf 83' lang='lat' dir='ltr'><strong>venit</strong></span> <span class='ocrx_word' id='word_1_133' title='bbox 948 2498 1093 2542; x_wconf 85' lang='lat' dir='ltr'><strong>ecce</strong></span> <span class='ocrx_word' id='word_1_134' title='bbox 1131 2481 1279 2555; x_wconf 84' lang='lat' dir='ltr'><strong>dies,</strong></span> <span class='ocrx_word' id='word_1_135' title='bbox 1327 2499 1447 2559; x_wconf 86' lang='lat' dir='ltr'><strong>qua</strong></span> <span class='ocrx_word' id='word_1_136' title='bbox 1488 2482 1786 2543; x_wconf 84' lang='lat' dir='ltr'><strong>rusticitas</strong></span> <span class='ocrx_word' id='word_1_137' title='bbox 1827 2480 2147 2559; x_wconf 81' lang='lat' dir='ltr'><strong>superabit,</strong></span> 
     </span>
     <span class='ocr_line' id='line_1_22' title="bbox 576 2580 1792 2658; baseline 0.002 -19"><span class='ocrx_word' id='word_1_138' title='bbox 576 2580 1000 2657; x_wconf 86' lang='lat' dir='ltr'><strong>Ingenuosque</strong></span> <span class='ocrx_word' id='word_1_139' title='bbox 1042 2580 1165 2640; x_wconf 92' lang='lat' dir='ltr'><strong>suis</strong></span> <span class='ocrx_word' id='word_1_140' title='bbox 1204 2591 1380 2658; x_wconf 83' lang='lat' dir='ltr'><strong>coget</strong></span> <span class='ocrx_word' id='word_1_141' title='bbox 1418 2580 1585 2642; x_wconf 86' lang='lat' dir='ltr'><strong>abire</strong></span> <span class='ocrx_word' id='word_1_142' title='bbox 1624 2580 1792 2641; x_wconf 89' lang='lat' dir='ltr'><strong>locis.</strong></span> 
     </span>
     <span class='ocr_line' id='line_1_23' title="bbox 572 2676 2264 2756; baseline 0 -19"><span class='ocrx_word' id='word_1_143' title='bbox 572 2677 823 2737; x_wconf 80' lang='lat' dir='ltr'><strong>Desinat</strong></span> <span class='ocrx_word' id='word_1_144' title='bbox 862 2676 1061 2737; x_wconf 88' lang='lat' dir='ltr'><strong>omnis</strong></span> <span class='ocrx_word' id='word_1_145' title='bbox 1101 2678 1311 2752; x_wconf 87' lang='lat' dir='ltr'><strong>honor,</strong></span> <span class='ocrx_word' id='word_1_146' title='bbox 1355 2678 1544 2756; x_wconf 87' lang='lat' dir='ltr'><strong>periat</strong></span> <span class='ocrx_word' id='word_1_147' title='bbox 1586 2680 1693 2753; x_wconf 90' lang='lat' dir='ltr'><strong>ius,</strong></span> <span class='ocrx_word' id='word_1_148' title='bbox 1739 2678 2024 2756; x_wconf 87' lang='lat' dir='ltr'><strong>nullaque</strong></span> <span class='ocrx_word' id='word_1_149' title='bbox 2061 2676 2264 2751; x_wconf 83' lang='lat' dir='ltr'><strong>virtus,</strong></span> 
     </span>
     <span class='ocr_line' id='line_1_24' title="bbox 570 2775 2002 2854; baseline 0.002 -20"><span class='ocrx_word' id='word_1_150' title='bbox 570 2776 709 2850; x_wconf 89' lang='lat' dir='ltr'><strong>Que</strong></span> <span class='ocrx_word' id='word_1_151' title='bbox 748 2775 912 2852; x_wconf 88' lang='lat' dir='ltr'><strong>prius</strong></span> <span class='ocrx_word' id='word_1_152' title='bbox 951 2776 1241 2849; x_wconf 83' lang='lat' dir='ltr'><strong>extiterat,</strong></span> <span class='ocrx_word' id='word_1_153' title='bbox 1284 2776 1462 2837; x_wconf 89' lang='lat' dir='ltr'><strong>duret</strong></span> <span class='ocrx_word' id='word_1_154' title='bbox 1501 2777 1563 2836; x_wconf 88' lang='lat' dir='ltr'><strong>in</strong></span> <span class='ocrx_word' id='word_1_155' title='bbox 1604 2776 1755 2838; x_wconf 88' lang='lat' dir='ltr'><strong>orbe</strong></span> <span class='ocrx_word' id='word_1_156' title='bbox 1795 2776 2002 2854; x_wconf 83' lang='lat' dir='ltr'><strong>magis.</strong></span> 
     </span>
     <span class='ocr_line' id='line_1_25' title="bbox 568 2871 2142 2957; baseline 0.001 -23"><span class='ocrx_word' id='word_1_157' title='bbox 568 2871 840 2957; x_wconf 73' lang='lat' dir='ltr'><strong>Subdere</strong></span> <span class='ocrx_word' id='word_1_158' title='bbox 880 2892 1001 2952; x_wconf 91' lang='lat' dir='ltr'><strong>que</strong></span> <span class='ocrx_word' id='word_1_159' title='bbox 1040 2874 1273 2934; x_wconf 88' lang='lat' dir='ltr'><strong>dudum</strong></span> <span class='ocrx_word' id='word_1_160' title='bbox 1314 2875 1411 2935; x_wconf 83' lang='lat' dir='ltr'><strong>lex</strong></span> <span class='ocrx_word' id='word_1_161' title='bbox 1451 2893 1565 2936; x_wconf 88' lang='lat' dir='ltr'><strong>nos</strong></span> <span class='ocrx_word' id='word_1_162' title='bbox 1604 2873 1685 2937; x_wconf 88' lang='lat' dir='ltr'><strong>de</strong></span> <span class='ocrx_word' id='word_1_163' title='bbox 1725 2875 1853 2935; x_wconf 88' lang='lat' dir='ltr'><strong>iure</strong></span> <span class='ocrx_word' id='word_1_164' title='bbox 1894 2872 2142 2949; x_wconf 74' lang='lat' dir='ltr'><strong>solebat,</strong></span> 
     </span>
     <span class='ocr_line' id='line_1_26' title="bbox 568 2970 2613 3051; baseline -0 -20"><span class='ocrx_word' id='word_1_165' title='bbox 568 2970 798 3045; x_wconf 81' lang='lat' dir='ltr'><strong>Cesset,</strong></span> <span class='ocrx_word' id='word_1_166' title='bbox 841 2981 903 3033; x_wconf 92' lang='lat' dir='ltr'><strong>et</strong></span> <span class='ocrx_word' id='word_1_167' title='bbox 940 2970 1183 3032; x_wconf 87' lang='lat' dir='ltr'><strong>vlterius</strong></span> <span class='ocrx_word' id='word_1_168' title='bbox 1218 2972 1383 3033; x_wconf 80' lang='lat' dir='ltr'><strong>curia</strong></span> <span class='ocrx_word' id='word_1_169' title='bbox 1422 2982 1625 3035; x_wconf 78' lang='lat' dir='ltr'><strong>nostra</strong></span> <span class='ocrx_word' id='word_1_170' title='bbox 1663 2973 1864 3051; x_wconf 63' lang='lat' dir='ltr'><strong>regat?</strong></span> <span class='ocrx_word' id='word_1_171' title='bbox 2516 2987 2613 3043; x_wconf 80' lang='lat'><strong>700</strong></span> 
     </span>
     <span class='ocr_line' id='line_1_27' title="bbox 650 3067 2352 3147; baseline 0.001 -18"><span class='ocrx_word' id='word_1_172' title='bbox 650 3068 895 3147; x_wconf 83' lang='lat' dir='ltr'><strong>Singula</strong></span> <span class='ocrx_word' id='word_1_173' title='bbox 934 3067 1111 3130; x_wconf 85' lang='lat' dir='ltr'><strong>turba</strong></span> <span class='ocrx_word' id='word_1_174' title='bbox 1150 3069 1301 3145; x_wconf 89' lang='lat' dir='ltr'><strong>silet,</strong></span> <span class='ocrx_word' id='word_1_175' title='bbox 1345 3080 1515 3131; x_wconf 87' lang='lat' dir='ltr'><strong>notat</strong></span> <span class='ocrx_word' id='word_1_176' title='bbox 1555 3081 1615 3132; x_wconf 90' lang='lat' dir='ltr'><strong>et</strong></span> <span class='ocrx_word' id='word_1_177' title='bbox 1656 3069 1772 3131; x_wconf 91' lang='lat' dir='ltr'><strong>sibi</strong></span> <span class='ocrx_word' id='word_1_178' title='bbox 1812 3068 1994 3131; x_wconf 82' lang='lat' dir='ltr'><strong>verba</strong></span> <span class='ocrx_word' id='word_1_179' title='bbox 2034 3069 2352 3147; x_wconf 80' lang='lat' dir='ltr'><strong>loquentis,</strong></span> 
     </span>
     <span class='ocr_line' id='line_1_28' title="bbox 571 3166 1998 3248; baseline 0.001 -22"><span class='ocrx_word' id='word_1_180' title='bbox 571 3166 654 3226; x_wconf 90' lang='lat' dir='ltr'><strong>Et</strong></span> <span class='ocrx_word' id='word_1_181' title='bbox 693 3167 887 3244; x_wconf 86' lang='lat' dir='ltr'><strong>placet</strong></span> <span class='ocrx_word' id='word_1_182' title='bbox 927 3166 1199 3231; x_wconf 74' lang='lat' dir='ltr'><strong>edictum,</strong></span> <span class='ocrx_word' id='word_1_183' title='bbox 1234 3168 1525 3248; x_wconf 89' lang='lat' dir='ltr'><strong>quicquid</strong></span> <span class='ocrx_word' id='word_1_184' title='bbox 1562 3168 1643 3229; x_wconf 89' lang='lat' dir='ltr'><strong>ab</strong></span> <span class='ocrx_word' id='word_1_185' title='bbox 1683 3187 1789 3230; x_wconf 90' lang='lat' dir='ltr'><strong>ore</strong></span> <span class='ocrx_word' id='word_1_186' title='bbox 1829 3168 1998 3229; x_wconf 88' lang='lat' dir='ltr'><strong>tulit:</strong></span> 
     </span>
     <span class='ocr_line' id='line_1_29' title="bbox 571 3263 2062 3343; baseline 0.002 -21"><span class='ocrx_word' id='word_1_187' title='bbox 571 3263 841 3325; x_wconf 87' lang='lat' dir='ltr'><strong>Vocibus</strong></span> <span class='ocrx_word' id='word_1_188' title='bbox 881 3264 1177 3343; x_wconf 83' lang='lat' dir='ltr'><strong>ambiguis</strong></span> <span class='ocrx_word' id='word_1_189' title='bbox 1216 3266 1535 3343; x_wconf 86' lang='lat' dir='ltr'><strong>deceptam</strong></span> <span class='ocrx_word' id='word_1_190' title='bbox 1576 3266 1816 3343; x_wconf 86' lang='lat' dir='ltr'><strong>prebuit</strong></span> <span class='ocrx_word' id='word_1_191' title='bbox 1854 3283 2062 3327; x_wconf 80' lang='lat' dir='ltr'><strong>aurem</strong></span> 
     </span>
     <span class='ocr_line' id='line_1_30' title="bbox 570 3362 1894 3441; baseline 0.005 -22"><span class='ocrx_word' id='word_1_192' title='bbox 570 3362 802 3441; x_wconf 82' lang='lat' dir='ltr'><strong>Vulgus</strong></span> <span class='ocrx_word' id='word_1_193' title='bbox 842 3372 904 3423; x_wconf 91' lang='lat' dir='ltr'><strong>et</strong></span> <span class='ocrx_word' id='word_1_194' title='bbox 945 3362 1005 3423; x_wconf 90' lang='lat' dir='ltr'><strong>in</strong></span> <span class='ocrx_word' id='word_1_195' title='bbox 1050 3364 1233 3425; x_wconf 88' lang='lat' dir='ltr'><strong>finem</strong></span> <span class='ocrx_word' id='word_1_196' title='bbox 1274 3364 1439 3425; x_wconf 83' lang='lat' dir='ltr'><strong>nulla</strong></span> <span class='ocrx_word' id='word_1_197' title='bbox 1478 3364 1673 3425; x_wconf 82' lang='lat' dir='ltr'><strong>futura</strong></span> <span class='ocrx_word' id='word_1_198' title='bbox 1713 3364 1894 3426; x_wconf 80' lang='lat' dir='ltr'><strong>videt.</strong></span> 
     </span>
     <span class='ocr_line' id='line_1_31' title="bbox 573 3460 1995 3539; baseline 0.003 -20"><span class='ocrx_word' id='word_1_199' title='bbox 573 3460 880 3521; x_wconf 82' lang='lat' dir='ltr'><strong>Exaltatus</strong></span> <span class='ocrx_word' id='word_1_200' title='bbox 920 3461 1083 3521; x_wconf 89' lang='lat' dir='ltr'><strong>enirn</strong></span> <span class='ocrx_word' id='word_1_201' title='bbox 1122 3478 1265 3521; x_wconf 89' lang='lat' dir='ltr'><strong>cum</strong></span> <span class='ocrx_word' id='word_1_202' title='bbox 1306 3462 1393 3523; x_wconf 86' lang='lat' dir='ltr'><strong>sic</strong></span> <span class='ocrx_word' id='word_1_203' title='bbox 1433 3461 1513 3523; x_wconf 88' lang='lat' dir='ltr'><strong>de</strong></span> <span class='ocrx_word' id='word_1_204' title='bbox 1553 3460 1732 3539; x_wconf 87' lang='lat' dir='ltr'><strong>plebe</strong></span> <span class='ocrx_word' id='word_1_205' title='bbox 1774 3462 1995 3535; x_wconf 84' lang='lat' dir='ltr'><strong>fuisset,</strong></span> 
     </span>
     <span class='ocr_line' id='line_1_32' title="bbox 572 3559 1924 3621; baseline 0.002 -3"><span class='ocrx_word' id='word_1_206' title='bbox 572 3559 673 3619; x_wconf 87' lang='lat' dir='ltr'><strong>Ad</strong></span> <span class='ocrx_word' id='word_1_207' title='bbox 713 3578 779 3621; x_wconf 88' lang='lat' dir='ltr'><strong>se</strong></span> <span class='ocrx_word' id='word_1_208' title='bbox 818 3560 1135 3620; x_wconf 80' lang='lat' dir='ltr'><strong>confestim</strong></span> <span class='ocrx_word' id='word_1_209' title='bbox 1176 3570 1429 3621; x_wconf 83' lang='lat' dir='ltr'><strong>traxerat</strong></span> <span class='ocrx_word' id='word_1_210' title='bbox 1469 3578 1652 3621; x_wconf 86' lang='lat' dir='ltr'><strong>omne</strong></span> <span class='ocrx_word' id='word_1_211' title='bbox 1692 3560 1924 3621; x_wconf 86' lang='lat' dir='ltr'><strong>solum:</strong></span> 
     </span>
     <span class='ocr_line' id='line_1_33' title="bbox 575 3655 2271 3735; baseline 0.001 -20"><span class='ocrx_word' id='word_1_212' title='bbox 575 3656 734 3717; x_wconf 89' lang='lat' dir='ltr'><strong>Nam</strong></span> <span class='ocrx_word' id='word_1_213' title='bbox 776 3657 907 3719; x_wconf 86' lang='lat' dir='ltr'><strong>sine</strong></span> <span class='ocrx_word' id='word_1_214' title='bbox 946 3656 1201 3718; x_wconf 90' lang='lat' dir='ltr'><strong>consilio</strong></span> <span class='ocrx_word' id='word_1_215' title='bbox 1240 3676 1379 3719; x_wconf 86' lang='lat' dir='ltr'><strong>cum</strong></span> <span class='ocrx_word' id='word_1_216' title='bbox 1424 3655 1595 3735; x_wconf 86' lang='lat' dir='ltr'><strong>plebs</strong></span> <span class='ocrx_word' id='word_1_217' title='bbox 1635 3657 1752 3719; x_wconf 91' lang='lat' dir='ltr'><strong>sibi</strong></span> <span class='ocrx_word' id='word_1_218' title='bbox 1791 3658 1947 3719; x_wconf 86' lang='lat' dir='ltr'><strong>colla</strong></span> <span class='ocrx_word' id='word_1_219' title='bbox 1987 3657 2271 3730; x_wconf 86' lang='lat' dir='ltr'><strong>dedisset,</strong></span> 
     </span>
     <span class='ocr_line' id='line_1_34' title="bbox 434 3754 2134 3835; baseline 0 -18"><span class='ocrx_word' id='word_1_220' title='bbox 434 3822 453 3831; x_wconf 61' lang='grc'><em>,</em></span> <span class='ocrx_word' id='word_1_221' title='bbox 572 3754 891 3817; x_wconf 88' lang='lat' dir='ltr'><strong>Conuocat</strong></span> <span class='ocrx_word' id='word_1_222' title='bbox 930 3756 1030 3816; x_wconf 90' lang='lat' dir='ltr'><strong>hic</strong></span> <span class='ocrx_word' id='word_1_223' title='bbox 1071 3757 1364 3835; x_wconf 87' lang='lat' dir='ltr'><strong>populum</strong></span> <span class='ocrx_word' id='word_1_224' title='bbox 1405 3757 1686 3834; x_wconf 89' lang='lat' dir='ltr'><strong>iussaque</strong></span> <span class='ocrx_word' id='word_1_225' title='bbox 1726 3754 1910 3817; x_wconf 87' lang='lat' dir='ltr'><strong>verba</strong></span> <span class='ocrx_word' id='word_1_226' title='bbox 1948 3755 2134 3817; x_wconf 90' lang='lat' dir='ltr'><strong>dedit.</strong></span> 
     </span>
     <span class='ocr_line' id='line_1_35' title="bbox 576 3854 2112 3933; baseline -0.001 -18"><span class='ocrx_word' id='word_1_227' title='bbox 576 3856 660 3915; x_wconf 89' lang='lat' dir='ltr'><strong>Vt</strong></span> <span class='ocrx_word' id='word_1_228' title='bbox 700 3855 853 3915; x_wconf 86' lang='lat' dir='ltr'><strong>solet</strong></span> <span class='ocrx_word' id='word_1_229' title='bbox 893 3872 967 3915; x_wconf 85' lang='lat' dir='ltr'><strong>ex</strong></span> <span class='ocrx_word' id='word_1_230' title='bbox 1008 3872 1230 3932; x_wconf 80' lang='lat' dir='ltr'><strong>magno</strong></span> <span class='ocrx_word' id='word_1_231' title='bbox 1270 3856 1485 3916; x_wconf 88' lang='lat' dir='ltr'><strong>fluctus</strong></span> <span class='ocrx_word' id='word_1_232' title='bbox 1525 3856 1910 3933; x_wconf 80' lang='lat' dir='ltr'><strong>languescere</strong></span> <span class='ocrx_word' id='word_1_233' title='bbox 1949 3854 2112 3929; x_wconf 87' lang='lat' dir='ltr'><strong>flatu,</strong></span> 
     </span>
     <span class='ocr_line' id='line_1_36' title="bbox 577 3952 2621 4044; baseline -0.002 -31"><span class='ocrx_word' id='word_1_234' title='bbox 577 3954 657 4013; x_wconf 93' lang='lat' dir='ltr'><strong>Et</strong></span> <span class='ocrx_word' id='word_1_235' title='bbox 696 3952 859 4015; x_wconf 87' lang='lat' dir='ltr'><strong>velut</strong></span> <span class='ocrx_word' id='word_1_236' title='bbox 898 3971 937 4013; x_wconf 85' lang='lat' dir='ltr'><strong>a</strong></span> <span class='ocrx_word' id='word_1_237' title='bbox 977 3962 1159 4015; x_wconf 86' lang='lat' dir='ltr'><strong>vento</strong></span> <span class='ocrx_word' id='word_1_238' title='bbox 1198 3953 1452 4015; x_wconf 87' lang='lat' dir='ltr'><strong>turbinis</strong></span> <span class='ocrx_word' id='word_1_239' title='bbox 1489 3953 1654 4044; x_wconf 76' lang='lat' dir='ltr'><strong>vnda</strong></span> <span class='ocrx_word' id='word_1_240' title='bbox 1692 3963 1902 4028; x_wconf 86' lang='lat' dir='ltr'><strong>tumet,</strong></span> <span class='ocrx_word' id='word_1_241' title='bbox 2523 3968 2621 4024; x_wconf 79' lang='lat'><strong>710</strong></span> 
     </span>
     <span class='ocr_line' id='line_1_37' title="bbox 576 4050 2224 4128; baseline 0.001 -18"><span class='ocrx_word' id='word_1_242' title='bbox 576 4051 762 4111; x_wconf 90' lang='lat' dir='ltr'><strong>Vocis</strong></span> <span class='ocrx_word' id='word_1_243' title='bbox 802 4050 867 4111; x_wconf 90' lang='lat' dir='ltr'><strong>in</strong></span> <span class='ocrx_word' id='word_1_244' title='bbox 906 4069 1154 4113; x_wconf 80' lang='lat' dir='ltr'><strong>excessu</strong></span> <span class='ocrx_word' id='word_1_245' title='bbox 1194 4051 1455 4128; x_wconf 89' lang='lat' dir='ltr'><strong>reliquos</strong></span> <span class='ocrx_word' id='word_1_246' title='bbox 1496 4052 1582 4113; x_wconf 91' lang='lat' dir='ltr'><strong>sic</strong></span> <span class='ocrx_word' id='word_1_247' title='bbox 1622 4060 1970 4112; x_wconf 87' lang='lat' dir='ltr'><strong>commouet</strong></span> <span class='ocrx_word' id='word_1_248' title='bbox 2011 4066 2224 4112; x_wconf 86' lang='lat' dir='ltr'><strong>omnes</strong></span> 
     </span>
     <span class='ocr_line' id='line_1_38' title="bbox 576 4148 2084 4227; baseline 0 -16"><span class='ocrx_word' id='word_1_249' title='bbox 576 4149 887 4225; x_wconf 80' lang='lat' dir='ltr'><strong>Graculus,</strong></span> <span class='ocrx_word' id='word_1_250' title='bbox 930 4160 994 4211; x_wconf 92' lang='lat' dir='ltr'><strong>et</strong></span> <span class='ocrx_word' id='word_1_251' title='bbox 1035 4160 1269 4213; x_wconf 67' lang='lat' dir='ltr'><strong>mentes</strong></span> <span class='ocrx_word' id='word_1_252' title='bbox 1308 4150 1503 4227; x_wconf 90' lang='lat' dir='ltr'><strong>plebis</strong></span> <span class='ocrx_word' id='word_1_253' title='bbox 1542 4150 1625 4211; x_wconf 80' lang='lat' dir='ltr'><strong>ad</strong></span> <span class='ocrx_word' id='word_1_254' title='bbox 1660 4168 1830 4210; x_wconf 82' lang='lat' dir='ltr'><strong>arma</strong></span> <span class='ocrx_word' id='word_1_255' title='bbox 1869 4148 2084 4211; x_wconf 82' lang='lat' dir='ltr'><strong>trahit:</strong></span> 
     </span>
     <span class='ocr_line' id='line_1_39' title="bbox 576 4247 2198 4330; baseline -0.001 -19"><span class='ocrx_word' id='word_1_256' title='bbox 576 4250 891 4326; x_wconf 85' lang='lat' dir='ltr'><strong>Stultaque</strong></span> <span class='ocrx_word' id='word_1_257' title='bbox 932 4268 1067 4327; x_wconf 87' lang='lat' dir='ltr'><strong>pars</strong></span> <span class='ocrx_word' id='word_1_258' title='bbox 1108 4249 1315 4330; x_wconf 87' lang='lat' dir='ltr'><strong>populi</strong></span> <span class='ocrx_word' id='word_1_259' title='bbox 1357 4267 1477 4328; x_wconf 88' lang='lat' dir='ltr'><strong>que</strong></span> <span class='ocrx_word' id='word_1_260' title='bbox 1518 4249 1595 4311; x_wconf 89' lang='lat' dir='ltr'><strong>sit</strong></span> <span class='ocrx_word' id='word_1_261' title='bbox 1635 4266 1744 4309; x_wconf 83' lang='lat' dir='ltr'><strong>sua</strong></span> <span class='ocrx_word' id='word_1_262' title='bbox 1785 4248 1949 4308; x_wconf 86' lang='lat' dir='ltr'><strong>curia</strong></span> <span class='ocrx_word' id='word_1_263' title='bbox 1989 4247 2198 4323; x_wconf 74' lang='lat' dir='ltr'><strong>nescit,</strong></span> 
     </span>
     <span class='ocr_line' id='line_1_40' title="bbox 578 4346 2045 4426; baseline -0.001 -18"><span class='ocrx_word' id='word_1_264' title='bbox 578 4348 719 4425; x_wconf 88' lang='lat' dir='ltr'><strong>Que</strong></span> <span class='ocrx_word' id='word_1_265' title='bbox 758 4357 962 4409; x_wconf 82' lang='lat' dir='ltr'><strong>tamen</strong></span> <span class='ocrx_word' id='word_1_266' title='bbox 1003 4348 1132 4426; x_wconf 88' lang='lat' dir='ltr'><strong>ipse</strong></span> <span class='ocrx_word' id='word_1_267' title='bbox 1172 4346 1341 4409; x_wconf 89' lang='lat' dir='ltr'><strong>iubet</strong></span> <span class='ocrx_word' id='word_1_268' title='bbox 1378 4349 1507 4409; x_wconf 83' lang='lat' dir='ltr'><strong>iura</strong></span> <span class='ocrx_word' id='word_1_269' title='bbox 1546 4348 1762 4425; x_wconf 84' lang='lat' dir='ltr'><strong>vigoris</strong></span> <span class='ocrx_word' id='word_1_270' title='bbox 1801 4346 2045 4409; x_wconf 85' lang='lat' dir='ltr'><strong>habent.</strong></span> 
     </span>
    </p>
   </div>
   <div class='ocr_carea' id='block_1_4' title="bbox 634 4453 2386 4527">
    <p class='ocr_par' dir='ltr' id='par_1_4' title="bbox 634 4453 2386 4527">
     <span class='ocr_line' id='line_1_41' title="bbox 634 4453 2386 4527; baseline -0.003 -16"><span class='ocrx_word' id='word_1_271' title='bbox 634 4458 1129 4527; x_wconf 70' lang='lat' dir='ltr'><strong>eap.ix.Heading</strong></span> <span class='ocrx_word' id='word_1_272' title='bbox 1190 4460 1484 4526; x_wconf 74' lang='lat' dir='ltr'>3G⁸ySH</span> <span class='ocrx_word' id='word_1_273' title='bbox 1552 4458 1816 4525; x_wconf 77' lang='lat' dir='ltr'><strong>GeayCT</strong></span> <span class='ocrx_word' id='word_1_274' title='bbox 1879 4456 2158 4523; x_wconf 72' lang='lat' dir='ltr'><strong>aGenyD</strong></span> <span class='ocrx_word' id='word_1_275' title='bbox 2225 4453 2386 4519; x_wconf 79' lang='lat' dir='ltr'><strong>layE</strong></span> 
     </span>
    </p>
   </div>
  </div>
 </body>
</html>
