3434 5142
1132 456 1447 519 ‘LIBER
1510 456 1872 523 PRIMUS
2535 476 2618 539 47

579 616 718 691 Que
758 615 909 675 solet
950 632 1025 675 ex
1065 616 1251 675 muris
1292 616 1447 693 cingi
1490 616 1682 693 patuit
1725 617 1854 677 sine
1895 634 2084 691 muro,

576 714 635 771 N
638 730 709 772 ec
748 712 943 790 potuit
982 730 1141 773 seras
1182 714 1459 775 claudere
1500 724 1671 790 porta
1710 732 1868 774 suas.

577 811 749 871 Mille
788 811 914 887 lupi
954 811 1245 889 mixtique
1285 812 1441 888 lupis
1482 812 1597 871 vrsi
1638 812 1978 889 gradientes

576 907 633 968 A
672 909 837 969 siluis
878 918 1149 969 statuunt
1188 909 1347 970 vrbis
1388 910 1553 970 adire
1593 909 1848 975 domos:

578 1007 719 1067 Non
762 1017 889 1067 erat
930 1008 991 1065 in
1034 1007 1201 1067 terris
1242 1018 1645 1068 monstrosum
1688 1008 1981 1087 quicquid
2019 1008 2316 1085 abortum,

578 1106 695 1183 Seu
735 1123 942 1182 gemm,
988 1106 1149 1165 vnde
1189 1105 1351 1166 furor
1389 1105 1591 1167 ledere
1630 1116 1834 1183 posset
1875 1106 2143 1180 humum,

579 1203 743 1279 Quin
786 1204 948 1264 venit
988 1213 1049 1265 et
1090 1204 1293 1277 creuit,
1338 1222 1576 1279 spersus
1616 1205 1781 1265 velut
1821 1202 2014 1264 imber
2053 1204 2134 1265 ab
2173 1215 2392 1280 austr0,

578 1300 865 1377 Qualibet
906 1320 980 1362 ex
1020 1310 1187 1377 parte
1228 1319 1485 1378 parsque
1524 1302 1736 1362 furoris
1777 1303 1966 1363 adest.

576 1400 753 1459 Tunc
794 1400 856 1458 in
897 1408 1101 1476 aperta
1142 1399 1277 1459 10oe
1316 1418 1435 1476 qne
1476 1409 1744 1460 monstra
1784 1400 1946 1477 prius
1985 1401 2284 1465 latuerunt

578 1497 909 1571 Accedunt,
954 1496 1197 1574 paribus
1237 1506 1499 1574 suntque
1539 1508 1778 1575 recepta
1818 1499 1978 1559 suis:
2520 1508 2622 1579 890

578 1595 767 1655 Belua
804 1606 991 1671 vasta,
1030 1596 1211 1669 ferox,
1256 1596 1423 1655 siluis
1462 1613 1584 1673 que
1622 1594 1983 1673 palustribus
2023 1596 2162 1669 exit,

578 1693 701 1769 Qui
742 1702 975 1753 tantum
1016 1692 1183 1755 rabie
1223 1712 1349 1753 non
1390 1694 1546 1767 furit,
1590 1694 1778 1755 immo
1817 1694 2013 1769 same3

576 1790 717 1851 Plus
758 1801 961 1850 tamen
1002 1810 1075 1851 ex
1114 1790 1281 1851 rabie
1321 1791 1651 1869 dispersam
1692 1793 1848 1852 seuit
1888 1792 1951 1852 in
1993 1790 2220 1867 urbem,

580 1888 717 1963 Que
757 1898 957 1965 stupet
997 1890 1267 1966 ignotum
1306 1890 1427 1949 tale
1464 1890 1669 1951 venire
1710 1890 1954 1951 malum.

582 1983 813 2058 Agresti
855 1983 1007 2045 suria
1046 1983 1199 2043 iurat
1238 1983 1539 2057 siluestris,
1583 1992 1647 2043 vt
1686 2002 1810 2043 vno

581 2080 841 2157 Legibus
882 2081 1143 2143 excussis
1185 2080 1313 2141 iura
1352 2082 1549 2141 surore
1590 2091 1768 2141 ruent
1797 2104 1812 2140 ε

578 2178 809 2239 Tantus
850 2178 1023 2238 adest
1063 2196 1347 2239 numerus
1388 2196 1697 2239 seruorum
1741 2177 2122 2255 perdicioniS,

580 2276 833 2353 Cingere
875 2276 1043 2353 quod
1083 2294 1289 2337 murus
1328 2276 1425 2337 vix
1464 2277 1621 2339 valet
1660 2277 1816 2337 vllus
1857 2294 1981 2337 eos·

660 2374 819 2435 Cum
860 2374 1023 2434 furor
1060 2382 1225 2451 vrget
1264 2392 1435 2451 opus,
1478 2383 1748 2435 remanet
1787 2374 2134 2436 moderacio
2175 2374 2354 2449 nulla,

580 2472 683 2532 Set
721 2474 911 2550 magis
952 2473 1015 2531 in
1054 2474 1305 2533 vetitum
1348 2472 1664 2551 quodlibet
1704 2473 1834 2549 ipse
1873 2472 2027 2533 ruit:
2520 2494 2622 2547 900

574 2571 801 2647 Sponte
843 2589 951 2631 sua
990 2580 1325 2648 properant,
1370 2570 1552 2631 nichil
1596 2582 1685 2631 est
1727 2570 2044 2648 prohibere
2084 2571 2374 2647 volentes,

580 2669 679 2729 Sic
718 2669 878 2731 valet
918 2670 1219 2747 inceptam
1262 2670 1471 2731 tollere
1510 2686 1693 2730 nemo
1734 2670 1930 2731 viam:

579 2766 803 2828 Omnia
842 2767 1170 2841 traduntur,
1214 2778 1416 2845 postes
1456 2767 1850 2829 reserauimus
1891 2768 2067 2842 hosti,

580 2864 661 2924 Et
701 2865 769 2925 fit
809 2865 871 2925 in
914 2866 1099 2925 infida
1138 2865 1491 2941 prodicione
1530 2865 1701 2925 fides.

579 2964 664 3023 Vt
705 2962 901 3023 fremit
940 2980 1077 3022 acer
1118 2980 1283 3040 equs,
1328 2964 1431 3040 qui
1472 2961 1724 3024 bellicus
1765 2980 1866 3023 ere
1907 2980 2132 3024 sonoro

581 3058 782 3132 Saltat,
826 3068 889 3119 et
928 3059 1159 3136 ignorat
1198 3060 1557 3136 proximiora
1598 3059 1774 3132 mala,

584 3156 684 3217 Sic
723 3156 846 3217 fera
886 3157 1179 3219 rusticitas
1220 3157 1717 3233 incircumspecta
1759 3158 2052 3217 malorum

582 3255 824 3332 Incipit,
867 3266 925 3317 et
968 3256 1153 3317 finem
1194 3274 1319 3317 non
1362 3254 1527 3317 videt
1566 3255 1711 3316 inde
1753 3274 1974 3317 suurn:

580 3353 903 3413 Victricem
945 3354 1159 3429 repetit
1198 3354 1405 3415 dextre
1444 3353 1809 3430 coniungere
1849 3354 2118 3415 dextram

582 3451 819 3513 Concio
857 3451 1101 3525 seruilis,
1147 3468 1329 3529 quam
1370 3451 1535 3511 furor
1572 3452 1774 3513 omnis
1815 3449 2016 3513 habet.
2527 3472 2626 3527 910

582 3550 681 3609 Sic
720 3548 945 3609 adeunt
984 3548 1193 3613 vrbem
1236 3548 1411 3609 turbe
1450 3549 1742 3611 violenter
1779 3558 2055 3627 agrestes,

582 3647 665 3708 Et
703 3648 883 3707 maris
922 3656 985 3709 vt
1026 3646 1241 3709 fluctus
1284 3647 1697 3724 ingrediuntur
1737 3666 1890 3709 eam.

582 3744 643 3806 O
683 3764 867 3822 quam
908 3764 1125 3823 magna
1166 3746 1345 3806 nimis
1387 3763 1479 3805 res
1520 3756 1581 3807 et
1620 3744 1946 3823 spectabile
1985 3744 2202 3811 mirum

584 3844 791 3906 Creuit
830 3844 893 3903 in
935 3844 1178 3905 introitu
1220 3844 1301 3905 de
1340 3844 1608 3905 nouitate
1650 3844 1827 3903 mali!

584 3943 742 4003 Aula
784 3943 1087 4019 palentina
1124 3942 1365 4019 grandis
1408 3950 1671 4001 mutatur
1709 3942 1774 4000 in
1811 3941 1975 4014 vrbe,

586 4040 805 4101 Omnis
845 4050 907 4100 et
946 4040 1011 4104 in
1053 4040 1307 4102 formam
1348 4040 1593 4099 vertitur
1632 4039 1764 4116 ipsa
1803 4057 1980 4113 case3

584 4140 787 4216 Atque
826 4156 995 4197 casas
1036 4138 1315 4199 minimas
1355 4137 1557 4198 subito
1598 4138 1854 4197 mutauit
1895 4140 1960 4197 in
1999 4138 2168 4202 aulas

583 4238 741 4310 Sors,
785 4253 907 4312 que
944 4236 1181 4297 iudiciis
1220 4244 1367 4297 tunc
1406 4236 1517 4295 fuit
1556 4252 1695 4311 egra
1735 4235 1940 4313 magis.

668 4334 832 4395 Ecce
876 4333 1042 4395 Iouis
1084 4332 1297 4393 festina
1337 4332 1469 4393 dies
1510 4333 1589 4392 de
1631 4329 1903 4411 Corpore
1945 4333 2140 4411 cristi,

632 4446 731 4494 882
764 4451 969 4509 poterat
990 4446 1033 4495 C
1231 4446 1331 4509 893
1362 4460 1463 4495 m
1489 4445 1538 4494 D
1560 4444 1754 4511 (marg.
1778 4446 1952 4497 deficit
1967 4460 2142 4500 versus
2160 4445 2212 4495 in
2237 4444 2410 4513 copia)
