3434 5142
1125 445 1408 511 LIBER
1465 444 1973 511 SECUNDUS
2564 464 2649 522 99

610 611 876 671 Numina
917 616 1084 668 muta
1123 607 1257 680 coli,
1301 607 1452 669 dum
1491 606 1675 665 nichil
1715 606 1846 683 ipsa
1885 607 2096 667 sciunt.

606 709 745 785 Que
786 726 899 768 nec
940 705 1166 765 habent
1207 722 1491 781 gressum,
1535 713 1783 778 tactum,
1824 714 2063 782 gustum
2106 722 2303 781 neque
2341 702 2552 774 visum,

609 804 925 883 Numquid
964 801 1340 881 ymaginibus
1384 802 1459 862 sit
1499 802 1829 878 reputanda
1870 803 2072 863 salus?

606 904 707 965 Ad
749 902 1046 963 racionale
1088 900 1238 978 quid
1279 900 1542 973 brutum,
1579 900 1729 977 quid
1770 900 1971 959 minus
2012 899 2160 960 illud

607 1001 707 1061 Ad
748 1001 928 1060 vitale
966 1016 1172 1076 genus,
1215 998 1382 1075 quod
1425 1014 1624 1075 neque
1664 998 1829 1071 viuit,
1872 998 2025 1059 erit?

608 1097 856 1158 Arboris
897 1108 987 1157 est
1028 1114 1146 1156 vna
1187 1114 1322 1173 pars
1362 1096 1580 1169 sulcus,
1622 1114 1757 1173 pars
1800 1104 1861 1155 et
1899 1112 2132 1173 ymag0,

511 1230 520 1237 -
609 1197 752 1255 Pars
793 1195 1104 1272 pulmenta
1144 1194 1368 1271 coquit,
1411 1192 1590 1253 arbor
1627 1202 1690 1253 et
1728 1211 1847 1253 vna
1885 1193 2032 1253 fuit:

611 1292 772 1353 Ecce
813 1292 964 1352 duas
1006 1299 1202 1368 partes
1245 1291 1430 1364 calco,
1474 1301 1565 1352 set
1605 1291 1787 1351 tercia
1825 1291 2059 1367 sculpta

612 1390 833 1450 Nescio
875 1388 1123 1449 deberet
1164 1406 1285 1466 qua
1325 1388 1564 1449 racione
1603 1389 1741 1449 coli.
2553 1407 2650 1457 530

609 1490 626 1519 ‘
649 1488 780 1548 Fiat
821 1488 908 1548 eis
947 1487 1156 1547 similis
1197 1504 1272 1547 ea
1310 1488 1414 1564 qui
1456 1487 1784 1563 componit,
1828 1495 1890 1547 et
1931 1487 2030 1546 ille

612 1586 735 1661 Qui
775 1584 1026 1645 confidit
1067 1584 1220 1645 eis':
1283 1585 1369 1645 sic
1411 1584 1578 1646 iubet
1617 1585 1747 1661 ipse
1785 1584 1955 1645 deus,

611 1684 866 1761 Dignior
905 1692 997 1743 est
1036 1682 1300 1759 sculptor
1339 1683 1609 1759 sculpto:
1665 1683 2041 1743 concluditur
2081 1700 2223 1759 ergo

612 1780 799 1857 Quod
839 1781 1018 1841 nimis
1059 1790 1148 1840 est
1187 1780 1388 1840 fatuus
1429 1781 1536 1858 qui
1576 1780 1723 1840 colit
1760 1791 1927 1841 actor
1966 1799 2135 1857 opus.

694 1880 824 1938 Nos
865 1887 958 1937 set
995 1875 1372 1967 ymaginibus
1412 1878 1582 1938 aliter
1618 1878 1891 1951 fruimur,
1928 1879 2097 1955 puto,
2136 1877 2398 1953 sculptis,

615 1976 675 2034 N
677 1994 758 2035 on
799 1975 880 2036 ad
919 1975 1212 2035 culturam
1253 1975 1346 2035 ius
1387 1976 1723 2038 minuendo
1764 1976 1907 2051 dei3

615 2074 745 2132 Nos
785 2082 876 2133 set
915 2071 1208 2133 habemus
1249 2091 1368 2145 ms,
1409 2090 1705 2134 memores
1746 2072 1967 2151 quibus
2006 2072 2262 2149 amplius
2304 2088 2436 2131 esse

614 2172 958 2243 PossumuS,
1003 2180 1066 2230 vt
1105 2171 1325 2231 sanetis
1365 2171 1580 2233 intima
1617 2180 1758 2231 vota
1798 2170 2029 2231 demuS.

615 2267 932 2329 Credimus
974 2285 1105 2327 esse
1147 2267 1348 2341 deum,
1393 2287 1519 2328 non
1559 2287 1692 2329 esse
1734 2267 1905 2339 deOS,
1950 2286 2147 2345 neque
2187 2268 2335 2327 ritus

616 2366 746 2426 Nos
785 2365 1022 2443 gentilis
1063 2363 1280 2427 habet:
1335 2365 1493 2425 absit
1530 2366 1612 2426 ab
1653 2364 1801 2427 orbe
1842 2367 2083 2443 procul!
2470 2374 2479 2385 ·
2562 2386 2659 2436 540

616 2463 718 2524 Set
756 2482 896 2523 cum
939 2480 1118 2522 causa
1159 2454 1306 2523 luc'ri
1347 2472 1574 2524 statuas
1613 2465 1926 2541 componit
1965 2475 2027 2525 et
2066 2465 2196 2525 illas

617 2561 824 2634 Ornat,
865 2570 930 2620 vt
970 2577 1044 2620 ex
1085 2559 1263 2637 plebe
1305 2579 1548 2637 carpere
1589 2561 1763 2621 dona·
1794 2572 1982 2639 putet,

617 2660 740 2736 Qui
783 2660 869 2719 sic
907 2658 1078 2736 fingit
1119 2676 1272 2736 opus
1313 2660 1526 2719 saltem
1567 2660 1825 2720 deuotus
1865 2661 1946 2721 ad
1986 2679 2216 2735 aurum,

621 2758 843 2817 Nescio
885 2756 1030 2833 quid
1073 2758 1268 2817 meriti
1309 2754 1534 2817 fabrica
1575 2758 1709 2817 talis
1750 2757 1950 2819 habet.

619 2854 898 2932 Cumque
939 2854 1088 2915 deus
1132 2854 1331 2930 Moysi
1375 2854 1565 2916 fuerat
1605 2855 1685 2916 de
1711 2860 1934 2916 'monte
1975 2854 2228 2930 locutus,

619 2953 764 3012 Visa
805 2951 903 3012 dei
945 2952 1172 3029 populo
1215 2952 1378 3011 nulla
1419 2952 1606 3029 figura
1645 2952 1757 3013 fuit
1775 2974 1795 3029 3

621 3050 780 3109 Nam
823 3050 872 3109 si
915 3068 1096 3128 quam
1141 3050 1400 3127 speciem
1443 3051 1702 3129 populus
1744 3052 2003 3127 vidisset,
2048 3050 2263 3113 eadem

622 3148 839 3209 Forma
878 3148 1115 3207 fecisset
1155 3147 1430 3223 sculptile
1469 3148 1670 3209 forsan
1711 3168 1881 3227 opus.

621 3246 723 3306 Set
765 3244 916 3306 deus
956 3264 1030 3305 ex
1069 3244 1171 3305 tali
1213 3246 1446 3323 sculpto
1488 3248 1593 3324 qui
1635 3248 1869 3324 spernit·
1900 3248 2211 3321 honorem,

623 3343 834 3404 Noluit
875 3343 1130 3421 effigiem
1171 3362 1477 3422 quamque
1517 3354 1728 3405 notare
1767 3363 1975 3420 suam;
2568 3363 2667 3413 550

624 3443 735 3503 Est
775 3452 867 3503 set
907 3460 1122 3519 ymago
1163 3440 1283 3514 dei,
1325 3452 1490 3519 puto,
1535 3443 1739 3503 iuncta
1778 3460 1925 3503 caro·
1958 3440 2199 3515 racioni,

628 3539 720 3598 Ex
763 3557 885 3616 qua
925 3540 1223 3599 culturam
1263 3539 1542 3600 vendicat
1581 3541 1708 3617 ipse
1750 3559 1937 3600 suam.

706 3637 994 3714 Vndique
1037 3638 1206 3715 signa
1247 3637 1438 3697 crucis
1480 3638 1542 3697 in
1583 3638 1815 3698 honore
1858 3637 2039 3697 Ihesu
2082 3634 2345 3697 crucifixi

625 3734 938 3795 Mentibus
980 3735 1266 3812 impressa
1309 3745 1449 3795 sunt
1487 3734 1793 3796 adoranda
1836 3736 1994 3797 satis·

625 3832 733 3892 Vis
773 3833 965 3893 crucis
1005 3832 1304 3894 infernum
1344 3832 1501 3908 vicit,
1545 3834 1881 3911 veterisque
1919 3832 2106 3907 ruine,

628 3932 908 3992 Demone
950 3932 1205 4007 deiect0,
1251 3952 1393 3993 crux
1435 3933 1728 4011 reparauit
1768 3950 1957 4009 opus:

628 4029 789 4091 Crux
831 4039 923 4090 est
963 4048 1103 4090 vera
1143 4030 1320 4105 salus,
1364 4049 1508 4090 crux
1550 4040 1640 4090 est
1681 4027 2019 4090 venerabile
2058 4028 2307 4109 lignum,

627 4128 798 4188 Mors
840 4128 1062 4203 mortiS,
1105 4129 1226 4189 vite
1265 4138 1454 4206 porta,
1497 4128 1805 4206 perhenne
1844 4127 2067 4190 decus:

627 4225 878 4286 Pectora
917 4227 1207 4305 purificat,
1252 4236 1644 4304 mentemque
1685 4224 1959 4303 rubigine
2000 4225 2269 4301 mundat,

628 4323 928 4385 Clarificat
968 4324 1174 4401 corda,
1215 4343 1467 4401 corpora
1507 4333 1671 4385 casta
1710 4323 1888 4400 facit3
2576 4328 2675 4397 5⁶0

564 4436 666 4500 ⁵3⁶
696 4436 978 4487 muniendo
999 4437 1067 4504 (l)
1093 4437 1136 4487 C
1351 4450 1452 4500 357
1483 4437 1694 4499 signum
1720 4436 1768 4487 D
1972 4450 2074 4500 559
2106 4442 2407 4499 mentesque
2430 4432 2576 4485 cni-1

1521 4536 1569 4579 H
1603 4540 1634 4579 2
