3434 5142
1216 475 1502 540 LIBER
1557 475 1972 543 TERCIUS
2576 498 2695 560 119

649 638 782 697 Nec
822 653 990 697 sacre
1030 635 1170 697 fidei
1213 636 1469 697 collocat
1511 636 1638 713 ipse
1677 636 1949 697 domum.

650 735 761 794 Est
803 752 944 793 nam
988 752 1148 793 mors
1189 735 1416 807 odium,
1461 734 1614 794 sicut
1655 734 1943 811 scriptura
1984 733 2237 809 fatetur;

649 832 774 908 Qui
816 832 1022 893 fratres
1063 832 1194 891 odit
1235 842 1328 891 est
1366 831 1672 892 homicida
1711 832 1842 893 sui:

651 929 982 1005 Quomodo
1023 947 1136 989 nos
1177 929 1367 1007 igitur,
1412 927 1604 1006 plebis
1645 930 1727 990 de
1766 930 2057 1007 sanguine
2097 931 2283 1003 tincti,

649 1026 868 1087 Altaris
909 1026 1114 1087 famuli
1155 1044 1492 1104 possumus.
1515 1045 1648 1088 esse
1690 1027 1836 1088 dei?

652 1126 964 1186 Peccantis
1007 1126 1238 1187 Cristus
1280 1126 1404 1185 vult
1445 1126 1646 1199 vitam,
1691 1143 1804 1186 nec
1846 1126 2146 1200 moriatur,

655 1224 758 1305 Set
799 1232 1198 1295 conuertatur,
1243 1223 1406 1283 viuat
1447 1233 1509 1283 vt
1549 1223 1680 1301 ipse
1720 1222 1875 1283 deo:
2012 1214 2027 1227 “

655 1322 734 1381 Et
779 1339 891 1381 nos
932 1340 1041 1399 pro
1083 1320 1296 1381 mundi
1337 1319 1516 1381 rebus
1558 1321 1895 1399 iugulamus
1938 1322 2001 1380 in
2042 1340 2203 1395 ense,

654 1419 828 1494 Quos
870 1418 1048 1481 Cristi
1091 1419 1332 1495 sanguis
1373 1419 1572 1478 viuere
1614 1419 1771 1491 fecit,
1816 1436 1941 1479 eos.
2592 1442 2695 1491 440

654 1516 822 1592 Quas
863 1517 1066 1577 statuit
1109 1517 1338 1578 Cristus
1379 1517 1540 1594 leges
1580 1517 1814 1577 fuerant
1852 1516 2104 1593 pietatis,

656 1616 788 1675 Nec
828 1615 1009 1693 peciit
1049 1615 1260 1675 mundi
1301 1615 1451 1692 quid
1491 1614 1608 1675 nisi
1649 1615 1833 1675 corda
1874 1613 1987 1674 sibi
2008 1634 2055 1689 3,

656 1712 799 1771 Non
841 1712 1038 1772 cordis
1078 1730 1336 1786 carnem,
1381 1720 1474 1772 set
1513 1730 1696 1789 quam
1738 1710 1991 1771 dileccio
2032 1721 2298 1772 mentem

658 1811 905 1881 Prestat,
946 1820 1006 1870 et
1047 1810 1155 1870 has
1196 1809 1356 1887 leges
1398 1809 1676 1871 vendicat
1715 1827 1849 1869 esse
1888 1826 2059 1869 suas:

659 1907 788 1966 Nos
829 1916 1031 1967 tamen
1072 1918 1316 1967 econtra
1355 1926 1496 1967 cum
1537 1906 1827 1984 sanguine
1868 1924 2083 1967 carnea
2122 1905 2304 1967 corda

657 2004 986 2077 PoscimuS,
1032 2014 1095 2064 vt
1137 2014 1340 2065 nostra
1372 2004 1457 2065 sit
1497 2006 1685 2081 magis
1726 2004 1813 2064 ira
1852 2003 1991 2064 fera.

659 2100 882 2162 Nescio
923 2102 973 2161 si
1013 2102 1309 2162 mundum
1350 2101 1464 2163 sub
1503 2120 1712 2179 guerra
1751 2102 1989 2161 vincere
2028 2101 2131 2161 tali

656 2201 1023 2276 Possumus3
1077 2201 1195 2261 hoc
1235 2211 1464 2278 reputo,
1507 2200 1784 2277 displicet
1824 2200 1923 2261 illa
1964 2201 2119 2261 deo:

656 2298 939 2375 Namque
979 2298 1356 2376 malignantis
1397 2300 1548 2360 deus
1589 2298 1904 2360 ecclesiam
1947 2298 2133 2375 magis
2175 2298 2321 2372 odit,

659 2394 907 2473 Subque
947 2414 1132 2455 manu
1173 2397 1275 2457 tali
1319 2415 1598 2475 prospera
1640 2396 1805 2457 nulla
1846 2396 2004 2456 sinit.
2596 2416 2697 2467 450

736 2494 1038 2554 Virtutem
1079 2494 1183 2554 dat
1223 2494 1328 2567 εἰς,
1371 2494 1475 2571 qui
1517 2495 1814 2555 mundum
1855 2494 2092 2554 vincere
2133 2503 2371 2565 norunt,

661 2592 804 2668 Ipsa
844 2591 994 2653 fides
1037 2591 1216 2654 Cristi
1259 2591 1449 2653 fratris
1489 2601 1552 2653 et
1591 2593 1753 2652 intus
1792 2610 1977 2652 amor.

661 2690 878 2750 Fratris
915 2708 1084 2750 amor
1124 2708 1336 2767 pacem
1377 2691 1709 2764 confirmat,
1755 2690 1957 2750 federa
1997 2698 2209 2763 serint,

658 2786 901 2864 Stringit
939 2788 1241 2847 amicicias
1281 2788 1713 2864 continuatque
1755 2786 1973 2848 fidem:

658 2884 876 2943 Fratris
917 2903 1086 2945 amor
1126 2885 1316 2945 nescit
1356 2885 1552 2945 aliena
1590 2884 1770 2958 sitire,
1815 2902 1929 2944 nec
1969 2901 2253 2961 vmquam

658 2982 798 3057 Que
838 3000 946 3041 sua
985 2993 1126 3043 sunt
1166 2982 1377 3060 querit,
1421 3000 1534 3043 nec
1575 2983 1686 3042 scit
1728 2981 1949 3043 habere
1989 3000 2201 3043 suum:

661 3078 876 3138 Fratris
917 3097 1085 3139 amor
1123 3080 1246 3140 ledi
1286 3098 1412 3140 non
1450 3081 1578 3140 vult
1618 3096 1737 3139 nec
1773 3079 1975 3141 ledere
2016 3080 2225 3156 querit,

662 3175 722 3235 N
725 3195 796 3236 ec
835 3177 1114 3253 queritur,
1159 3196 1274 3239 nec
1314 3179 1418 3239 dat
1459 3178 1619 3238 vnde
1659 3188 1940 3255 queratur
1979 3178 2183 3237 homo,

663 3275 908 3351 Augens
950 3292 1244 3335 merorem
1286 3276 1443 3336 male
1483 3274 1747 3336 vindicat
1789 3274 1917 3352 ip‘se
1957 3274 2247 3346 dolorem,

662 3372 827 3430 Dum
869 3380 1095 3449 pugnat
1134 3372 1326 3433 clerus
1367 3371 1566 3432 obstat
1607 3381 1669 3433 et
1711 3373 1839 3449 ipse
1879 3371 2063 3431 deus:
2599 3374 2701 3439 460

663 3470 822 3529 Nam
865 3470 1205 3530 mundanus
1244 3487 1415 3530 amor
1455 3470 1670 3547 premit
1709 3469 1877 3530 omni
1919 3478 2188 3545 tempore
2228 3484 2517 3545 quosque,

665 3567 768 3627 Set
811 3568 1018 3627 diuina
1059 3586 1274 3627 manus
1315 3577 1512 3627 seruat
1551 3566 1631 3628 ab
1671 3567 1849 3627 hoste
1890 3584 2049 3626 suoS.

664 3666 862 3725 Prima
901 3666 1000 3726 dei
1045 3666 1222 3726 timor
1263 3677 1353 3726 est
1395 3666 1712 3744 sapiencia,
1757 3666 1948 3742 prima
1988 3663 2191 3724 salutis

663 3764 773 3823 Est
813 3764 924 3837 via,
969 3764 1070 3823 lux
1110 3764 1302 3841 prima
1341 3764 1568 3841 premia
1609 3763 1801 3842 prima
1842 3781 2093 3840 parans:

665 3859 892 3921 Federe
931 3871 1222 3939 perpetuo
1263 3862 1441 3921 timor
1480 3862 1851 3938 amplexatur
1888 3878 2172 3931 amorem,

665 3957 866 4032 Quem
906 3958 1022 4019 sibi
1063 3959 1360 4019 consimili
1401 3958 1603 4019 federe
1646 3959 1837 4036 iungit
1876 3976 2063 4017 amor.

661 4056 800 4115 Vna
840 4057 1049 4135 nequit
1088 4057 1272 4117 virtus
1312 4057 1428 4116 alia
1470 4058 1684 4117 virtute
1726 4073 1942 4142 carere,

667 4153 825 4214 Nam
867 4155 1046 4216 timor
1085 4166 1176 4215 est
1217 4164 1277 4215 et
1317 4173 1486 4214 amor
1523 4164 1988 4214 connumeratus
2031 4152 2229 4214 idem:

665 4252 774 4311 Est
814 4264 996 4329 pater,
1042 4254 1184 4313 hinc
1223 4272 1392 4314 amor
1431 4262 1522 4313 est
1539 4273 1558 4327 ;
1613 4263 1703 4313 est
1746 4251 1940 4325 iudex,
1984 4250 2128 4311 inde
2168 4250 2409 4310 timetur
2425 4268 2444 4323 3

663 4348 744 4409 Et
785 4350 962 4411 timor
1002 4350 1102 4410 hic
1142 4361 1203 4413 et
1243 4370 1413 4411 amor
1451 4350 1710 4411 comoda
1753 4349 1941 4409 multa
1982 4349 2194 4409 ferunt.
2604 4364 2704 4417 470

1057 4495 1155 4543 454
1189 4481 1515 4545 cotinuatque
1535 4480 1588 4531 H
1787 4480 1887 4540 462
1909 4484 2081 4529 seruat
2107 4477 2159 4527 H
