<?xml version="1.0" encoding="UTF-8"?>
<!DOCTYPE html PUBLIC "-//W3C//DTD XHTML 1.0 Transitional//EN"
    "http://www.w3.org/TR/xhtml1/DTD/xhtml1-transitional.dtd">
<html xmlns="http://www.w3.org/1999/xhtml" xml:lang="en" lang="en">
 <head>
  <title>
</title>
<meta http-equiv="Content-Type" content="text/html;charset=utf-8" />
  <meta name='ocr-system' content='tesseract 3.04.00' />
  <meta name='ocr-capabilities' content='ocr_page ocr_carea ocr_par ocr_line ocrx_word'/>
</head>
<body>
  <div class='ocr_page' id='page_1' title='image "./completeworksjo01macagoog_0173.png"; bbox 0 0 3434 5142; ppageno 0'>
   <div class='ocr_carea' id='block_1_1' title="bbox 881 448 2635 538">
    <p class='ocr_par' dir='ltr' id='par_1_1' title="bbox 881 448 2635 538">
     <span class='ocr_line' id='line_1_1' title="bbox 881 448 2635 538; baseline 0.005 -27"><span class='ocrx_word' id='word_1_1' title='bbox 881 448 1390 517; x_wconf 90' lang='lat' dir='ltr'>PROLOGUS</span> <span class='ocrx_word' id='word_1_2' title='bbox 1447 451 1708 516; x_wconf 86' lang='lat' dir='ltr'>LIBRI</span> <span class='ocrx_word' id='word_1_3' title='bbox 1770 452 2185 519; x_wconf 88' lang='lat' dir='ltr'><strong>SECUNDI</strong></span> <span class='ocrx_word' id='word_1_4' title='bbox 2552 461 2635 538; x_wconf 85' lang='lat'><strong>83</strong></span> 
     </span>
    </p>
   </div>
   <div class='ocr_carea' id='block_1_2' title="bbox 593 608 2637 4570">
    <p class='ocr_par' dir='ltr' id='par_1_2' title="bbox 593 608 2637 4570">
     <span class='ocr_line' id='line_1_2' title="bbox 597 608 2119 687; baseline 0.004 -20"><span class='ocrx_word' id='word_1_5' title='bbox 597 610 674 668; x_wconf 90' lang='lat' dir='ltr'><strong>Et</strong></span> <span class='ocrx_word' id='word_1_6' title='bbox 715 609 764 668; x_wconf 90' lang='lat' dir='ltr'><strong>si</strong></span> <span class='ocrx_word' id='word_1_7' title='bbox 807 618 998 669; x_wconf 86' lang='lat' dir='ltr'><strong>metra</strong></span> <span class='ocrx_word' id='word_1_8' title='bbox 1039 610 1190 669; x_wconf 86' lang='lat' dir='ltr'><strong>meis</strong></span> <span class='ocrx_word' id='word_1_9' title='bbox 1230 608 1556 687; x_wconf 79' lang='lat' dir='ltr'><strong>incongrua</strong></span> <span class='ocrx_word' id='word_1_10' title='bbox 1597 611 1863 673; x_wconf 84' lang='lat' dir='ltr'><strong>versibus</strong></span> <span class='ocrx_word' id='word_1_11' title='bbox 1904 625 2119 687; x_wconf 84' lang='lat' dir='ltr'><strong>errent,</strong></span> 
     </span>
     <span class='ocr_line' id='line_1_3' title="bbox 596 704 2039 787; baseline 0.005 -22"><span class='ocrx_word' id='word_1_12' title='bbox 596 705 734 780; x_wconf 88' lang='lat' dir='ltr'><strong>Que</strong></span> <span class='ocrx_word' id='word_1_13' title='bbox 776 704 890 765; x_wconf 85' lang='lat' dir='ltr'><strong>sibi</strong></span> <span class='ocrx_word' id='word_1_14' title='bbox 931 707 1058 766; x_wconf 86' lang='lat' dir='ltr'><strong>vult</strong></span> <span class='ocrx_word' id='word_1_15' title='bbox 1097 706 1334 766; x_wconf 83' lang='lat' dir='ltr'><strong>animus</strong></span> <span class='ocrx_word' id='word_1_16' title='bbox 1375 725 1638 785; x_wconf 86' lang='lat' dir='ltr'><strong>congrua</strong></span> <span class='ocrx_word' id='word_1_17' title='bbox 1679 719 1819 769; x_wconf 74' lang='lat' dir='ltr'><strong>vota</strong></span> <span class='ocrx_word' id='word_1_18' title='bbox 1855 726 2039 787; x_wconf 24' lang='lat' dir='ltr'><strong>cape..</strong></span> 
     </span>
     <span class='ocr_line' id='line_1_4' title="bbox 594 802 1983 881; baseline 0.003 -21"><span class='ocrx_word' id='word_1_19' title='bbox 594 802 918 863; x_wconf 88' lang='lat' dir='ltr'><strong>Rethorice</strong></span> <span class='ocrx_word' id='word_1_20' title='bbox 959 803 1100 863; x_wconf 83' lang='lat' dir='ltr'><strong>folia</strong></span> <span class='ocrx_word' id='word_1_21' title='bbox 1136 804 1416 881; x_wconf 82' lang='lat' dir='ltr'><strong>quamuis</strong></span> <span class='ocrx_word' id='word_1_22' title='bbox 1457 804 1729 865; x_wconf 80' lang='lat' dir='ltr'><strong>formalia</strong></span> <span class='ocrx_word' id='word_1_23' title='bbox 1770 806 1983 881; x_wconf 84' lang='lat' dir='ltr'>desint,</span> 
     </span>
     <span class='ocr_line' id='line_1_5' title="bbox 595 898 1891 963; baseline 0.004 -5"><span class='ocrx_word' id='word_1_24' title='bbox 595 898 847 959; x_wconf 88' lang='lat' dir='ltr'><strong>Materie</strong></span> <span class='ocrx_word' id='word_1_25' title='bbox 887 900 1114 960; x_wconf 85' lang='lat' dir='ltr'><strong>fructus</strong></span> <span class='ocrx_word' id='word_1_26' title='bbox 1155 918 1278 960; x_wconf 87' lang='lat' dir='ltr'><strong>non</strong></span> <span class='ocrx_word' id='word_1_27' title='bbox 1323 900 1432 961; x_wconf 91' lang='lat' dir='ltr'><strong>erit</strong></span> <span class='ocrx_word' id='word_1_28' title='bbox 1474 901 1616 961; x_wconf 87' lang='lat' dir='ltr'><strong>inde</strong></span> <span class='ocrx_word' id='word_1_29' title='bbox 1657 903 1891 963; x_wconf 89' lang='lat' dir='ltr'><strong>minor:</strong></span> 
     </span>
     <span class='ocr_line' id='line_1_6' title="bbox 595 996 2163 1077; baseline 0.004 -21"><span class='ocrx_word' id='word_1_30' title='bbox 595 996 727 1056; x_wconf 88' lang='lat' dir='ltr'>Sint</span> <span class='ocrx_word' id='word_1_31' title='bbox 767 998 906 1058; x_wconf 86' lang='lat' dir='ltr'><strong>licet</strong></span> <span class='ocrx_word' id='word_1_32' title='bbox 947 998 1032 1058; x_wconf 87' lang='lat' dir='ltr'><strong>hii</strong></span> <span class='ocrx_word' id='word_1_33' title='bbox 1066 1017 1270 1059; x_wconf 80' lang='lat' dir='ltr'><strong>versus</strong></span> <span class='ocrx_word' id='word_1_34' title='bbox 1310 1000 1550 1060; x_wconf 85' lang='lat' dir='ltr'><strong>modic-e</strong></span> <span class='ocrx_word' id='word_1_35' title='bbox 1590 1000 1823 1061; x_wconf 85' lang='lat' dir='ltr'><strong>virtutis</strong></span> <span class='ocrx_word' id='word_1_36' title='bbox 1860 1001 1943 1061; x_wconf 83' lang='lat' dir='ltr'><strong>ad</strong></span> <span class='ocrx_word' id='word_1_37' title='bbox 1976 1012 2163 1077; x_wconf 80' lang='lat' dir='ltr'><strong>extra,</strong></span> 
     </span>
     <span class='ocr_line' id='line_1_7' title="bbox 596 1096 2635 1175; baseline 0.005 -20"><span class='ocrx_word' id='word_1_38' title='bbox 596 1096 852 1156; x_wconf 88' lang='lat' dir='ltr'><strong>Interior</strong></span> <span class='ocrx_word' id='word_1_39' title='bbox 891 1097 1076 1157; x_wconf 86' lang='lat' dir='ltr'><strong>virtus</strong></span> <span class='ocrx_word' id='word_1_40' title='bbox 1109 1097 1329 1157; x_wconf 84' lang='lat' dir='ltr'>ordine</span> <span class='ocrx_word' id='word_1_41' title='bbox 1371 1099 1559 1159; x_wconf 85' lang='lat' dir='ltr'><strong>maior</strong></span> <span class='ocrx_word' id='word_1_42' title='bbox 1599 1100 1725 1161; x_wconf 87' lang='lat' dir='ltr'><strong>erit.</strong></span> <span class='ocrx_word' id='word_1_43' title='bbox 2570 1124 2635 1175; x_wconf 87' lang='lat'><strong>30</strong></span> 
     </span>
     <span class='ocr_line' id='line_1_8' title="bbox 675 1194 2485 1276; baseline 0.003 -22"><span class='ocrx_word' id='word_1_44' title='bbox 675 1194 971 1269; x_wconf 88' lang='lat' dir='ltr'><strong>Quamuis</strong></span> <span class='ocrx_word' id='word_1_45' title='bbox 1013 1213 1224 1255; x_wconf 82' lang='lat' dir='ltr'><strong>sensus</strong></span> <span class='ocrx_word' id='word_1_46' title='bbox 1265 1195 1452 1256; x_wconf 85' lang='lat' dir='ltr'><strong>hebes</strong></span> <span class='ocrx_word' id='word_1_47' title='bbox 1491 1195 1708 1271; x_wconf 80' lang='lat' dir='ltr'><strong>obstet,</strong></span> <span class='ocrx_word' id='word_1_48' title='bbox 1754 1208 1957 1259; x_wconf 83' lang='lat' dir='ltr'><strong>tamen</strong></span> <span class='ocrx_word' id='word_1_49' title='bbox 1996 1197 2228 1276; x_wconf 78' lang='lat' dir='ltr'><strong>absque</strong></span> <span class='ocrx_word' id='word_1_50' title='bbox 2265 1196 2485 1259; x_wconf 77' lang='lat' dir='ltr'><strong>rubooe</strong></span> 
     </span>
     <span class='ocr_line' id='line_1_9' title="bbox 599 1291 1925 1368; baseline 0.005 -19"><span class='ocrx_word' id='word_1_51' title='bbox 599 1291 737 1366; x_wconf 90' lang='lat' dir='ltr'><strong>Que</strong></span> <span class='ocrx_word' id='word_1_52' title='bbox 779 1310 914 1351; x_wconf 88' lang='lat' dir='ltr'><strong>mea</strong></span> <span class='ocrx_word' id='word_1_53' title='bbox 955 1292 1304 1368; x_wconf 83' lang='lat' dir='ltr'>simplicitas</span> <span class='ocrx_word' id='word_1_54' title='bbox 1347 1294 1561 1353; x_wconf 86' lang='lat' dir='ltr'><strong>sufficit</strong></span> <span class='ocrx_word' id='word_1_55' title='bbox 1602 1294 1702 1353; x_wconf 89' lang='lat' dir='ltr'><strong>illa</strong></span> <span class='ocrx_word' id='word_1_56' title='bbox 1744 1294 1925 1355; x_wconf 88' lang='lat' dir='ltr'><strong>dabo.</strong></span> 
     </span>
     <span class='ocr_line' id='line_1_10' title="bbox 598 1390 2226 1471; baseline 0.002 -22"><span class='ocrx_word' id='word_1_57' title='bbox 598 1390 672 1449; x_wconf 92' lang='lat' dir='ltr'><strong>In</strong></span> <span class='ocrx_word' id='word_1_58' title='bbox 715 1407 860 1450; x_wconf 90' lang='lat' dir='ltr'><strong>sene</strong></span> <span class='ocrx_word' id='word_1_59' title='bbox 901 1391 1050 1450; x_wconf 90' lang='lat' dir='ltr'><strong>scire</strong></span> <span class='ocrx_word' id='word_1_60' title='bbox 1091 1409 1303 1467; x_wconf 89' lang='lat' dir='ltr'><strong>parum</strong></span> <span class='ocrx_word' id='word_1_61' title='bbox 1345 1391 1600 1452; x_wconf 88' lang='lat' dir='ltr'><strong>multum</strong></span> <span class='ocrx_word' id='word_1_62' title='bbox 1643 1394 1807 1453; x_wconf 89' lang='lat' dir='ltr'><strong>solet·</strong></span> <span class='ocrx_word' id='word_1_63' title='bbox 1835 1411 1968 1453; x_wconf 87' lang='lat' dir='ltr'><strong>esse</strong></span> <span class='ocrx_word' id='word_1_64' title='bbox 2008 1394 2226 1471; x_wconf 89' lang='lat' dir='ltr'><strong>pudori</strong></span> 
     </span>
     <span class='ocr_line' id='line_1_11' title="bbox 593 1486 1794 1565; baseline 0.002 -21"><span class='ocrx_word' id='word_1_65' title='bbox 593 1486 908 1563; x_wconf 88' lang='lat' dir='ltr'><strong>Temporis</strong></span> <span class='ocrx_word' id='word_1_66' title='bbox 947 1487 1150 1547; x_wconf 85' lang='lat' dir='ltr'><strong>amissi</strong></span> <span class='ocrx_word' id='word_1_67' title='bbox 1191 1506 1298 1565; x_wconf 89' lang='lat' dir='ltr'><strong>pre</strong></span> <span class='ocrx_word' id='word_1_68' title='bbox 1335 1489 1624 1565; x_wconf 84' lang='lat' dir='ltr'><strong>grauitate</strong></span> <span class='ocrx_word' id='word_1_69' title='bbox 1665 1489 1794 1564; x_wconf 84' lang='lat' dir='ltr'><strong>sui3</strong></span> 
     </span>
     <span class='ocr_line' id='line_1_12' title="bbox 596 1582 2318 1663; baseline 0.001 -20"><span class='ocrx_word' id='word_1_70' title='bbox 596 1582 699 1643; x_wconf 91' lang='lat' dir='ltr'><strong>Set</strong></span> <span class='ocrx_word' id='word_1_71' title='bbox 739 1584 926 1645; x_wconf 89' lang='lat' dir='ltr'><strong>modo</strong></span> <span class='ocrx_word' id='word_1_72' title='bbox 967 1584 1138 1661; x_wconf 88' lang='lat' dir='ltr'><strong>siqua</strong></span> <span class='ocrx_word' id='word_1_73' title='bbox 1181 1586 1335 1662; x_wconf 86' lang='lat' dir='ltr'><strong>sapit</strong></span> <span class='ocrx_word' id='word_1_74' title='bbox 1376 1586 1556 1647; x_wconf 84' lang='lat' dir='ltr'><strong>docet</strong></span> <span class='ocrx_word' id='word_1_75' title='bbox 1597 1596 1700 1645; x_wconf 78' lang='lat' dir='ltr'><strong>aut</strong></span> <span class='ocrx_word' id='word_1_76' title='bbox 1741 1587 1981 1663; x_wconf 81' lang='lat' dir='ltr'><strong>prouisa</strong></span> <span class='ocrx_word' id='word_1_77' title='bbox 2020 1594 2318 1660; x_wconf 58' lang='lat' dir='ltr'><strong>senectam,</strong></span> 
     </span>
     <span class='ocr_line' id='line_1_13' title="bbox 595 1668 2036 1759; baseline 0.004 -22"><span class='ocrx_word' id='word_1_78' title='bbox 595 1680 710 1739; x_wconf 82' lang='lat' dir='ltr'><strong>Vix</strong></span> <span class='ocrx_word' id='word_1_79' title='bbox 751 1690 954 1741; x_wconf 87' lang='lat' dir='ltr'><strong>tamen</strong></span> <span class='ocrx_word' id='word_1_80' title='bbox 994 1682 1111 1741; x_wconf 90' lang='lat' dir='ltr'><strong>hec</strong></span> <span class='ocrx_word' id='word_1_81' title='bbox 1151 1690 1318 1759; x_wconf 87' lang='lat' dir='ltr'><strong>grata</strong></span> <span class='ocrx_word' id='word_1_82' title='bbox 1359 1701 1474 1742; x_wconf 80' lang='lat' dir='ltr'><strong>vox</strong></span> <span class='ocrx_word' id='word_1_83' title='bbox 1515 1682 1793 1743; x_wconf 86' lang='lat' dir='ltr'><strong>iuuenilis</strong></span> <span class='ocrx_word' id='word_1_84' title='bbox 1832 1668 2036 1743; x_wconf 82' lang='lat' dir='ltr'><strong>habet.</strong></span> 
     </span>
     <span class='ocr_line' id='line_1_14' title="bbox 595 1778 2267 1855; baseline 0.004 -18"><span class='ocrx_word' id='word_1_85' title='bbox 595 1779 733 1854; x_wconf 90' lang='lat' dir='ltr'><strong>Que</strong></span> <span class='ocrx_word' id='word_1_86' title='bbox 773 1778 1041 1840; x_wconf 88' lang='lat' dir='ltr'><strong>scribunt</strong></span> <span class='ocrx_word' id='word_1_87' title='bbox 1083 1791 1327 1853; x_wconf 71' lang='lat' dir='ltr'><strong>vetereS,</strong></span> <span class='ocrx_word' id='word_1_88' title='bbox 1371 1781 1511 1841; x_wconf 91' lang='lat' dir='ltr'><strong>licet</strong></span> <span class='ocrx_word' id='word_1_89' title='bbox 1551 1798 1624 1841; x_wconf 87' lang='lat' dir='ltr'><strong>ex</strong></span> <span class='ocrx_word' id='word_1_90' title='bbox 1666 1782 1899 1841; x_wconf 83' lang='lat' dir='ltr'><strong>feruore</strong></span> <span class='ocrx_word' id='word_1_91' title='bbox 1938 1780 2267 1855; x_wconf 49' lang='lat' dir='ltr'><strong>studentes</strong></span> 
     </span>
     <span class='ocr_line' id='line_1_15' title="bbox 595 1876 1933 1955; baseline 0.003 -20"><span class='ocrx_word' id='word_1_92' title='bbox 595 1876 758 1935; x_wconf 87' lang='lat' dir='ltr'><strong>Raro</strong></span> <span class='ocrx_word' id='word_1_93' title='bbox 799 1876 996 1936; x_wconf 90' lang='lat' dir='ltr'><strong>solent</strong></span> <span class='ocrx_word' id='word_1_94' title='bbox 1033 1878 1232 1955; x_wconf 89' lang='lat' dir='ltr'><strong>pueris</strong></span> <span class='ocrx_word' id='word_1_95' title='bbox 1273 1878 1436 1938; x_wconf 89' lang='lat' dir='ltr'><strong>dicta</strong></span> <span class='ocrx_word' id='word_1_96' title='bbox 1477 1879 1714 1955; x_wconf 84' lang='lat' dir='ltr'><strong>placere</strong></span> <span class='ocrx_word' id='word_1_97' title='bbox 1755 1878 1933 1953; x_wconf 81' lang='lat' dir='ltr'><strong>satis3</strong></span> 
     </span>
     <span class='ocr_line' id='line_1_16' title="bbox 597 1972 2148 2052; baseline 0 -19"><span class='ocrx_word' id='word_1_98' title='bbox 597 1972 1027 2051; x_wconf 90' lang='lat' dir='ltr'><strong>Obloquioque</strong></span> <span class='ocrx_word' id='word_1_99' title='bbox 1067 1994 1178 2035; x_wconf 89' lang='lat' dir='ltr'><strong>suo</strong></span> <span class='ocrx_word' id='word_1_100' title='bbox 1219 1976 1496 2052; x_wconf 86' lang='lat' dir='ltr'><strong>quamuis</strong></span> <span class='ocrx_word' id='word_1_101' title='bbox 1539 1986 1743 2037; x_wconf 87' lang='lat' dir='ltr'><strong>tamen</strong></span> <span class='ocrx_word' id='word_1_102' title='bbox 1786 1993 1890 2035; x_wconf 87' lang='lat' dir='ltr'><strong>ora</strong></span> <span class='ocrx_word' id='word_1_103' title='bbox 1928 1975 2148 2033; x_wconf 85' lang='lat' dir='ltr'><strong>canina</strong></span> 
     </span>
     <span class='ocr_line' id='line_1_17' title="bbox 595 2072 2636 2151; baseline 0 -22"><span class='ocrx_word' id='word_1_104' title='bbox 595 2072 856 2144; x_wconf 89' lang='lat' dir='ltr'><strong>Latrent,</strong></span> <span class='ocrx_word' id='word_1_105' title='bbox 900 2090 1026 2132; x_wconf 89' lang='lat' dir='ltr'><strong>non</strong></span> <span class='ocrx_word' id='word_1_106' title='bbox 1067 2074 1288 2151; x_wconf 83' lang='lat' dir='ltr'><strong>fugiam</strong></span> <span class='ocrx_word' id='word_1_107' title='bbox 1328 2074 1479 2151; x_wconf 89' lang='lat' dir='ltr'><strong>quin</strong></span> <span class='ocrx_word' id='word_1_108' title='bbox 1519 2074 1708 2151; x_wconf 85' lang='lat' dir='ltr'><strong>magis</strong></span> <span class='ocrx_word' id='word_1_109' title='bbox 1750 2074 1863 2133; x_wconf 86' lang='lat' dir='ltr'><strong>ista</strong></span> <span class='ocrx_word' id='word_1_110' title='bbox 1902 2090 2135 2133; x_wconf 85' lang='lat' dir='ltr'><strong>canam.</strong></span> <span class='ocrx_word' id='word_1_111' title='bbox 2565 2094 2636 2143; x_wconf 85' lang='lat'><strong>40</strong></span> 
     </span>
     <span class='ocr_line' id='line_1_18' title="bbox 599 2168 2037 2251; baseline 0.001 -24"><span class='ocrx_word' id='word_1_112' title='bbox 599 2168 696 2229; x_wconf 91' lang='lat' dir='ltr'><strong>De</strong></span> <span class='ocrx_word' id='word_1_113' title='bbox 736 2169 890 2251; x_wconf 79' lang='lat' dir='ltr'><strong>saxis</strong></span> <span class='ocrx_word' id='word_1_114' title='bbox 931 2169 1149 2243; x_wconf 88' lang='lat' dir='ltr'><strong>oleum,</strong></span> <span class='ocrx_word' id='word_1_115' title='bbox 1194 2170 1274 2230; x_wconf 89' lang='lat' dir='ltr'><strong>de</strong></span> <span class='ocrx_word' id='word_1_116' title='bbox 1313 2180 1482 2247; x_wconf 90' lang='lat' dir='ltr'><strong>petra</strong></span> <span class='ocrx_word' id='word_1_117' title='bbox 1519 2171 1642 2230; x_wconf 85' lang='lat' dir='ltr'><strong>mel</strong></span> <span class='ocrx_word' id='word_1_118' title='bbox 1685 2169 1797 2231; x_wconf 87' lang='lat' dir='ltr'><strong>tibi</strong></span> <span class='ocrx_word' id='word_1_119' title='bbox 1838 2186 2037 2246; x_wconf 84' lang='lat' dir='ltr'><strong>sugge,</strong></span> 
     </span>
     <span class='ocr_line' id='line_1_19' title="bbox 597 2267 2012 2344; baseline 0 -17"><span class='ocrx_word' id='word_1_120' title='bbox 597 2269 814 2344; x_wconf 88' lang='lat' dir='ltr'><strong>Deque</strong></span> <span class='ocrx_word' id='word_1_121' title='bbox 855 2268 988 2329; x_wconf 90' lang='lat' dir='ltr'><strong>rudi</strong></span> <span class='ocrx_word' id='word_1_122' title='bbox 1030 2267 1258 2329; x_wconf 90' lang='lat' dir='ltr'><strong>dociles</strong></span> <span class='ocrx_word' id='word_1_123' title='bbox 1300 2269 1564 2329; x_wconf 87' lang='lat' dir='ltr'><strong>carmine</strong></span> <span class='ocrx_word' id='word_1_124' title='bbox 1607 2288 1779 2329; x_wconf 86' lang='lat' dir='ltr'><strong>sume</strong></span> <span class='ocrx_word' id='word_1_125' title='bbox 1820 2279 2012 2328; x_wconf 82' lang='lat' dir='ltr'><strong>notas.</strong></span> 
     </span>
     <span class='ocr_line' id='line_1_20' title="bbox 598 2364 2261 2441; baseline 0.001 -18"><span class='ocrx_word' id='word_1_126' title='bbox 598 2364 904 2441; x_wconf 87' lang='lat' dir='ltr'><strong>Quicquid</strong></span> <span class='ocrx_word' id='word_1_127' title='bbox 947 2365 1025 2424; x_wconf 90' lang='lat' dir='ltr'><strong>ad</strong></span> <span class='ocrx_word' id='word_1_128' title='bbox 1069 2366 1316 2425; x_wconf 89' lang='lat' dir='ltr'><strong>interius</strong></span> <span class='ocrx_word' id='word_1_129' title='bbox 1360 2384 1592 2426; x_wconf 85' lang='lat' dir='ltr'><strong>morum</strong></span> <span class='ocrx_word' id='word_1_130' title='bbox 1638 2366 1925 2441; x_wconf 88' lang='lat' dir='ltr'><strong>scriptura</strong></span> <span class='ocrx_word' id='word_1_131' title='bbox 1965 2364 2261 2441; x_wconf 84' lang='lat' dir='ltr'><strong>propinat,</strong></span> 
     </span>
     <span class='ocr_line' id='line_1_21' title="bbox 597 2463 1871 2524; baseline 0.001 -2"><span class='ocrx_word' id='word_1_132' title='bbox 597 2464 884 2522; x_wconf 88' lang='lat' dir='ltr'><strong>Doctrine</strong></span> <span class='ocrx_word' id='word_1_133' title='bbox 923 2480 1106 2523; x_wconf 88' lang='lat' dir='ltr'><strong>causa</strong></span> <span class='ocrx_word' id='word_1_134' title='bbox 1145 2463 1329 2524; x_wconf 87' lang='lat' dir='ltr'><strong>debet</strong></span> <span class='ocrx_word' id='word_1_135' title='bbox 1369 2463 1592 2524; x_wconf 90' lang='lat' dir='ltr'><strong>habere</strong></span> <span class='ocrx_word' id='word_1_136' title='bbox 1633 2465 1871 2523; x_wconf 86' lang='lat' dir='ltr'><strong>locum:</strong></span> 
     </span>
     <span class='ocr_line' id='line_1_22' title="bbox 593 2560 2341 2638; baseline -0.001 -19"><span class='ocrx_word' id='word_1_137' title='bbox 593 2560 798 2621; x_wconf 88' lang='lat' dir='ltr'><strong>Verba</strong></span> <span class='ocrx_word' id='word_1_138' title='bbox 838 2578 946 2637; x_wconf 90' lang='lat' dir='ltr'><strong>per</strong></span> <span class='ocrx_word' id='word_1_139' title='bbox 983 2579 1054 2621; x_wconf 93' lang='lat' dir='ltr'><strong>os</strong></span> <span class='ocrx_word' id='word_1_140' title='bbox 1093 2561 1245 2621; x_wconf 89' lang='lat' dir='ltr'><strong>asini</strong></span> <span class='ocrx_word' id='word_1_141' title='bbox 1287 2562 1391 2638; x_wconf 88' lang='lat' dir='ltr'><strong>qui</strong></span> <span class='ocrx_word' id='word_1_142' title='bbox 1433 2562 1693 2638; x_wconf 86' lang='lat' dir='ltr'><strong>protulit,</strong></span> <span class='ocrx_word' id='word_1_143' title='bbox 1740 2561 1839 2620; x_wconf 90' lang='lat' dir='ltr'><strong>hic</strong></span> <span class='ocrx_word' id='word_1_144' title='bbox 1880 2578 2015 2621; x_wconf 89' lang='lat' dir='ltr'><strong>mea</strong></span> <span class='ocrx_word' id='word_1_145' title='bbox 2056 2577 2194 2637; x_wconf 88' lang='lat' dir='ltr'><strong>spes</strong></span> <span class='ocrx_word' id='word_1_146' title='bbox 2236 2570 2341 2633; x_wconf 85' lang='lat' dir='ltr'><strong>est,</strong></span> 
     </span>
     <span class='ocr_line' id='line_1_23' title="bbox 595 2658 1933 2736; baseline 0 -18"><span class='ocrx_word' id='word_1_147' title='bbox 595 2660 742 2719; x_wconf 84' lang='lat' dir='ltr'><strong>Eius</strong></span> <span class='ocrx_word' id='word_1_148' title='bbox 784 2669 846 2718; x_wconf 87' lang='lat' dir='ltr'><strong>vt</strong></span> <span class='ocrx_word' id='word_1_149' title='bbox 887 2658 965 2719; x_wconf 92' lang='lat' dir='ltr'><strong>ad</strong></span> <span class='ocrx_word' id='word_1_150' title='bbox 1007 2659 1248 2719; x_wconf 88' lang='lat' dir='ltr'><strong>laudem</strong></span> <span class='ocrx_word' id='word_1_151' title='bbox 1290 2661 1520 2719; x_wconf 90' lang='lat' dir='ltr'><strong>cercius</strong></span> <span class='ocrx_word' id='word_1_152' title='bbox 1561 2678 1663 2720; x_wconf 89' lang='lat' dir='ltr'><strong>ore</strong></span> <span class='ocrx_word' id='word_1_153' title='bbox 1705 2660 1933 2736; x_wconf 90' lang='lat' dir='ltr'><strong>loquar.</strong></span> 
     </span>
     <span class='ocr_line' id='line_1_24' title="bbox 594 2757 1944 2836; baseline -0.001 -19"><span class='ocrx_word' id='word_1_154' title='bbox 594 2758 755 2836; x_wconf 88' lang='lat' dir='ltr'><strong>Ergo</strong></span> <span class='ocrx_word' id='word_1_155' title='bbox 795 2758 1010 2817; x_wconf 88' lang='lat' dir='ltr'><strong>recede</strong></span> <span class='ocrx_word' id='word_1_156' title='bbox 1051 2775 1187 2817; x_wconf 87' lang='lat' dir='ltr'><strong>mee</strong></span> <span class='ocrx_word' id='word_1_157' title='bbox 1227 2757 1525 2817; x_wconf 88' lang='lat' dir='ltr'><strong>detractor</strong></span> <span class='ocrx_word' id='word_1_158' title='bbox 1565 2757 1944 2833; x_wconf 85' lang='lat' dir='ltr'><strong>simplicitati,</strong></span> 
     </span>
     <span class='ocr_line' id='line_1_25' title="bbox 594 2853 2059 2932; baseline 0 -18"><span class='ocrx_word' id='word_1_159' title='bbox 594 2855 728 2914; x_wconf 91' lang='lat' dir='ltr'><strong>Nec</strong></span> <span class='ocrx_word' id='word_1_160' title='bbox 769 2872 906 2913; x_wconf 88' lang='lat' dir='ltr'><strong>mea</strong></span> <span class='ocrx_word' id='word_1_161' title='bbox 945 2854 1162 2932; x_wconf 87' lang='lat' dir='ltr'><strong>scripta</strong></span> <span class='ocrx_word' id='word_1_162' title='bbox 1205 2865 1385 2930; x_wconf 87' lang='lat' dir='ltr'><strong>queat</strong></span> <span class='ocrx_word' id='word_1_163' title='bbox 1424 2855 1635 2914; x_wconf 90' lang='lat' dir='ltr'><strong>rodere</strong></span> <span class='ocrx_word' id='word_1_164' title='bbox 1677 2855 1831 2914; x_wconf 90' lang='lat' dir='ltr'><strong>liuor</strong></span> <span class='ocrx_word' id='word_1_165' title='bbox 1871 2853 2059 2914; x_wconf 85' lang='lat' dir='ltr'><strong>edax:</strong></span> 
     </span>
     <span class='ocr_line' id='line_1_26' title="bbox 595 2938 2069 3013; baseline -0.002 0"><span class='ocrx_word' id='word_1_166' title='bbox 595 2953 731 3013; x_wconf 89' lang='lat' dir='ltr'><strong>Lite</strong></span> <span class='ocrx_word' id='word_1_167' title='bbox 772 2938 986 3013; x_wconf 81' lang='lat' dir='ltr'><strong>vacent</strong></span> <span class='ocrx_word' id='word_1_168' title='bbox 1025 2970 1199 3013; x_wconf 88' lang='lat' dir='ltr'><strong>aures</strong></span> <span class='ocrx_word' id='word_1_169' title='bbox 1242 2952 1478 3012; x_wconf 84' lang='lat' dir='ltr'><strong>lectoris</strong></span> <span class='ocrx_word' id='word_1_170' title='bbox 1521 2962 1582 3012; x_wconf 91' lang='lat' dir='ltr'><strong>et</strong></span> <span class='ocrx_word' id='word_1_171' title='bbox 1623 2950 1809 3012; x_wconf 90' lang='lat' dir='ltr'><strong>obuia</strong></span> <span class='ocrx_word' id='word_1_172' title='bbox 1848 2952 2069 3011; x_wconf 89' lang='lat' dir='ltr'><strong>cedant</strong></span> 
     </span>
     <span class='ocr_line' id='line_1_27' title="bbox 597 3048 2637 3125; baseline -0.001 -16"><span class='ocrx_word' id='word_1_173' title='bbox 597 3050 928 3123; x_wconf 86' lang='lat' dir='ltr'><strong>Murmura,</strong></span> <span class='ocrx_word' id='word_1_174' title='bbox 973 3048 1144 3109; x_wconf 82' lang='lat' dir='ltr'><strong>differ</strong></span> <span class='ocrx_word' id='word_1_175' title='bbox 1186 3066 1358 3125; x_wconf 91' lang='lat' dir='ltr'><strong>opus,</strong></span> <span class='ocrx_word' id='word_1_176' title='bbox 1404 3049 1608 3109; x_wconf 89' lang='lat' dir='ltr'><strong>invida</strong></span> <span class='ocrx_word' id='word_1_177' title='bbox 1650 3048 1841 3123; x_wconf 84' lang='lat' dir='ltr'><strong>turba,</strong></span> <span class='ocrx_word' id='word_1_178' title='bbox 1884 3057 2073 3108; x_wconf 90' lang='lat' dir='ltr'><strong>tuum.</strong></span> <span class='ocrx_word' id='word_1_179' title='bbox 2572 3066 2637 3116; x_wconf 86' lang='lat'><strong>50</strong></span> 
     </span>
     <span class='ocr_line' id='line_1_28' title="bbox 597 3144 2129 3222; baseline -0.002 -15"><span class='ocrx_word' id='word_1_180' title='bbox 597 3147 660 3207; x_wconf 93' lang='lat' dir='ltr'><strong>Si</strong></span> <span class='ocrx_word' id='word_1_181' title='bbox 699 3157 904 3207; x_wconf 81' lang='lat' dir='ltr'><strong>tamen</strong></span> <span class='ocrx_word' id='word_1_182' title='bbox 944 3144 1228 3205; x_wconf 87' lang='lat' dir='ltr'><strong>incendat</strong></span> <span class='ocrx_word' id='word_1_183' title='bbox 1268 3146 1457 3206; x_wconf 89' lang='lat' dir='ltr'><strong>Sinon</strong></span> <span class='ocrx_word' id='word_1_184' title='bbox 1502 3146 1875 3222; x_wconf 79' lang='lat' dir='ltr'><strong>Excetraque</strong></span> <span class='ocrx_word' id='word_1_185' title='bbox 1916 3144 2129 3215; x_wconf 83' lang='lat' dir='ltr'><strong>sufflet,</strong></span> 
     </span>
     <span class='ocr_line' id='line_1_29' title="bbox 597 3243 2068 3321; baseline -0.003 -16"><span class='ocrx_word' id='word_1_186' title='bbox 597 3246 740 3305; x_wconf 90' lang='lat' dir='ltr'><strong>Non</strong></span> <span class='ocrx_word' id='word_1_187' title='bbox 783 3244 982 3304; x_wconf 88' lang='lat' dir='ltr'><strong>minus</strong></span> <span class='ocrx_word' id='word_1_188' title='bbox 1023 3243 1329 3320; x_wconf 87' lang='lat' dir='ltr'><strong>inceptum</strong></span> <span class='ocrx_word' id='word_1_189' title='bbox 1372 3244 1560 3303; x_wconf 91' lang='lat' dir='ltr'><strong>tendo</strong></span> <span class='ocrx_word' id='word_1_190' title='bbox 1601 3262 1807 3321; x_wconf 85' lang='lat' dir='ltr'><strong>parare</strong></span> <span class='ocrx_word' id='word_1_191' title='bbox 1838 3243 2068 3303; x_wconf 78' lang='lat' dir='ltr'><strong>stilum.</strong></span> 
     </span>
     <span class='ocr_line' id='line_1_30' title="bbox 597 3338 2211 3419; baseline -0.004 -16"><span class='ocrx_word' id='word_1_192' title='bbox 597 3344 706 3403; x_wconf 91' lang='lat' dir='ltr'><strong>Est</strong></span> <span class='ocrx_word' id='word_1_193' title='bbox 748 3342 959 3403; x_wconf 89' lang='lat' dir='ltr'><strong>oculus</strong></span> <span class='ocrx_word' id='word_1_194' title='bbox 998 3358 1194 3414; x_wconf 80' lang='lat' dir='ltr'><strong>cecuS,</strong></span> <span class='ocrx_word' id='word_1_195' title='bbox 1239 3342 1518 3418; x_wconf 89' lang='lat' dir='ltr'><strong>aurisque</strong></span> <span class='ocrx_word' id='word_1_196' title='bbox 1559 3351 1764 3401; x_wconf 87' lang='lat' dir='ltr'><strong>manet</strong></span> <span class='ocrx_word' id='word_1_197' title='bbox 1804 3341 1975 3419; x_wconf 88' lang='lat' dir='ltr'><strong>quasi</strong></span> <span class='ocrx_word' id='word_1_198' title='bbox 2016 3338 2211 3410; x_wconf 82' lang='lat' dir='ltr'><strong>surda,</strong></span> 
     </span>
     <span class='ocr_line' id='line_1_31' title="bbox 600 3433 2099 3516; baseline -0.003 -16"><span class='ocrx_word' id='word_1_199' title='bbox 600 3440 722 3516; x_wconf 88' lang='lat' dir='ltr'><strong>Qui</strong></span> <span class='ocrx_word' id='word_1_200' title='bbox 765 3433 948 3499; x_wconf 80' lang='lat' dir='ltr'><strong>nic&#39;hil</strong></span> <span class='ocrx_word' id='word_1_201' title='bbox 989 3448 1052 3498; x_wconf 86' lang='lat' dir='ltr'><strong>vt</strong></span> <span class='ocrx_word' id='word_1_202' title='bbox 1093 3438 1284 3515; x_wconf 90' lang='lat' dir='ltr'><strong>sapiat</strong></span> <span class='ocrx_word' id='word_1_203' title='bbox 1324 3437 1524 3497; x_wconf 85' lang='lat' dir='ltr'><strong>cordis</strong></span> <span class='ocrx_word' id='word_1_204' title='bbox 1564 3437 1645 3498; x_wconf 90' lang='lat' dir='ltr'><strong>ad</strong></span> <span class='ocrx_word' id='word_1_205' title='bbox 1683 3456 1823 3515; x_wconf 88' lang='lat' dir='ltr'><strong>yma</strong></span> <span class='ocrx_word' id='word_1_206' title='bbox 1865 3439 2099 3510; x_wconf 83' lang='lat' dir='ltr'><strong>ferunt3</strong></span> 
     </span>
     <span class='ocr_line' id='line_1_32' title="bbox 601 3532 2341 3612; baseline -0.005 -15"><span class='ocrx_word' id='word_1_207' title='bbox 601 3538 680 3597; x_wconf 92' lang='lat' dir='ltr'><strong>Et</strong></span> <span class='ocrx_word' id='word_1_208' title='bbox 719 3536 770 3596; x_wconf 91' lang='lat' dir='ltr'><strong>si</strong></span> <span class='ocrx_word' id='word_1_209' title='bbox 811 3554 916 3595; x_wconf 90' lang='lat' dir='ltr'><strong>cor</strong></span> <span class='ocrx_word' id='word_1_210' title='bbox 957 3535 1146 3611; x_wconf 83' lang='lat' dir='ltr'><strong>sapiat</strong></span> <span class='ocrx_word' id='word_1_211' title='bbox 1187 3534 1355 3612; x_wconf 89' lang='lat' dir='ltr'><strong>quod</strong></span> <span class='ocrx_word' id='word_1_212' title='bbox 1396 3552 1521 3595; x_wconf 91' lang='lat' dir='ltr'><strong>non</strong></span> <span class='ocrx_word' id='word_1_213' title='bbox 1562 3534 1759 3607; x_wconf 91' lang='lat' dir='ltr'><strong>docet,</strong></span> <span class='ocrx_word' id='word_1_214' title='bbox 1805 3542 1896 3593; x_wconf 89' lang='lat' dir='ltr'><strong>est</strong></span> <span class='ocrx_word' id='word_1_215' title='bbox 1936 3532 2107 3609; x_wconf 88' lang='lat' dir='ltr'><strong>quasi</strong></span> <span class='ocrx_word' id='word_1_216' title='bbox 2147 3546 2341 3611; x_wconf 89' lang='lat' dir='ltr'><strong>pruna</strong></span> 
     </span>
     <span class='ocr_line' id='line_1_33' title="bbox 601 3630 1978 3713; baseline -0.004 -18"><span class='ocrx_word' id='word_1_217' title='bbox 601 3635 803 3713; x_wconf 88' lang='lat' dir='ltr'><strong>Ignea,</strong></span> <span class='ocrx_word' id='word_1_218' title='bbox 847 3632 962 3693; x_wconf 86' lang='lat' dir='ltr'><strong>sub</strong></span> <span class='ocrx_word' id='word_1_219' title='bbox 1001 3633 1202 3693; x_wconf 82' lang='lat' dir='ltr'><strong>cinere</strong></span> <span class='ocrx_word' id='word_1_220' title='bbox 1243 3630 1580 3693; x_wconf 88' lang='lat' dir='ltr'><strong>dummodo</strong></span> <span class='ocrx_word' id='word_1_221' title='bbox 1621 3640 1779 3691; x_wconf 87' lang='lat' dir='ltr'><strong>tecta</strong></span> <span class='ocrx_word' id='word_1_222' title='bbox 1818 3632 1978 3691; x_wconf 86' lang='lat' dir='ltr'><strong>latet.</strong></span> 
     </span>
     <span class='ocr_line' id='line_1_34' title="bbox 598 3728 2109 3801; baseline -0.003 -9"><span class='ocrx_word' id='word_1_223' title='bbox 598 3732 701 3793; x_wconf 91' lang='lat' dir='ltr'><strong>Nil</strong></span> <span class='ocrx_word' id='word_1_224' title='bbox 741 3730 856 3792; x_wconf 75' lang='lat' dir='ltr'><strong>sert</strong></span> <span class='ocrx_word' id='word_1_225' title='bbox 895 3728 1010 3791; x_wconf 89' lang='lat' dir='ltr'><strong>sub</strong></span> <span class='ocrx_word' id='word_1_226' title='bbox 1050 3730 1259 3791; x_wconf 85' lang='lat' dir='ltr'><strong>modio</strong></span> <span class='ocrx_word' id='word_1_227' title='bbox 1300 3730 1508 3791; x_wconf 83' lang='lat' dir='ltr'><strong>lucens</strong></span> <span class='ocrx_word' id='word_1_228' title='bbox 1550 3729 1804 3789; x_wconf 77' lang='lat' dir='ltr'><strong>oendela</strong></span> <span class='ocrx_word' id='word_1_229' title='bbox 1844 3745 2109 3801; x_wconf 86' lang='lat' dir='ltr'><strong>reconsa,</strong></span> 
     </span>
     <span class='ocr_line' id='line_1_35' title="bbox 597 3826 1927 3905; baseline -0.003 -16"><span class='ocrx_word' id='word_1_230' title='bbox 597 3828 862 3891; x_wconf 85' lang='lat' dir='ltr'><strong>Pectoris</strong></span> <span class='ocrx_word' id='word_1_231' title='bbox 899 3838 1006 3888; x_wconf 86' lang='lat' dir='ltr'><strong>aut</strong></span> <span class='ocrx_word' id='word_1_232' title='bbox 1045 3846 1256 3889; x_wconf 84' lang='lat' dir='ltr'><strong>sensus</strong></span> <span class='ocrx_word' id='word_1_233' title='bbox 1297 3846 1401 3889; x_wconf 87' lang='lat' dir='ltr'><strong>ore</strong></span> <span class='ocrx_word' id='word_1_234' title='bbox 1442 3837 1698 3905; x_wconf 87' lang='lat' dir='ltr'><strong>negante</strong></span> <span class='ocrx_word' id='word_1_235' title='bbox 1738 3826 1927 3904; x_wconf 80' lang='lat' dir='ltr'><strong>loqui.</strong></span> 
     </span>
     <span class='ocr_line' id='line_1_36' title="bbox 597 3920 2420 4005; baseline -0.004 -17"><span class='ocrx_word' id='word_1_236' title='bbox 597 3927 762 4005; x_wconf 88' lang='lat' dir='ltr'><strong>Quid</strong></span> <span class='ocrx_word' id='word_1_237' title='bbox 803 3928 853 3987; x_wconf 88' lang='lat' dir='ltr'><strong>si</strong></span> <span class='ocrx_word' id='word_1_238' title='bbox 895 3944 1086 4004; x_wconf 87' lang='lat' dir='ltr'><strong>pauca</strong></span> <span class='ocrx_word' id='word_1_239' title='bbox 1123 3928 1328 3997; x_wconf 86' lang='lat' dir='ltr'><strong>sciam,</strong></span> <span class='ocrx_word' id='word_1_240' title='bbox 1368 3923 1667 4002; x_wconf 84' lang='lat' dir='ltr'><strong>numquid</strong></span> <span class='ocrx_word' id='word_1_241' title='bbox 1709 3924 1891 3983; x_wconf 88' lang='lat' dir='ltr'><strong>michi</strong></span> <span class='ocrx_word' id='word_1_242' title='bbox 1932 3920 2190 3983; x_wconf 88' lang='lat' dir='ltr'><strong>scribere</strong></span> <span class='ocrx_word' id='word_1_243' title='bbox 2230 3936 2420 3999; x_wconf 82' lang='lat' dir='ltr'><strong>pauce</strong></span> 
     </span>
     <span class='ocr_line' id='line_1_37' title="bbox 597 4020 2637 4102; baseline -0.005 -17"><span class='ocrx_word' id='word_1_244' title='bbox 597 4024 920 4102; x_wconf 87' lang='lat' dir='ltr'><strong>Competit,</strong></span> <span class='ocrx_word' id='word_1_245' title='bbox 964 4024 1152 4084; x_wconf 86' lang='lat' dir='ltr'><strong>immo</strong></span> <span class='ocrx_word' id='word_1_246' title='bbox 1195 4024 1360 4082; x_wconf 83' lang='lat' dir='ltr'><strong>iuuat</strong></span> <span class='ocrx_word' id='word_1_247' title='bbox 1399 4023 1546 4081; x_wconf 86' lang='lat' dir='ltr'><strong>alter</strong></span> <span class='ocrx_word' id='word_1_248' title='bbox 1586 4032 1648 4081; x_wconf 90' lang='lat' dir='ltr'><strong>vt</strong></span> <span class='ocrx_word' id='word_1_249' title='bbox 1689 4021 1791 4080; x_wconf 92' lang='lat' dir='ltr'><strong>illa</strong></span> <span class='ocrx_word' id='word_1_250' title='bbox 1830 4020 1994 4079; x_wconf 87' lang='lat' dir='ltr'><strong>sciat.</strong></span> <span class='ocrx_word' id='word_1_251' title='bbox 2568 4024 2637 4075; x_wconf 86' lang='lat'><strong>60</strong></span> 
     </span>
     <span class='ocr_line' id='line_1_38' title="bbox 596 4114 2329 4197; baseline -0.003 -16"><span class='ocrx_word' id='word_1_252' title='bbox 596 4122 695 4183; x_wconf 86' lang='lat' dir='ltr'><strong>De</strong></span> <span class='ocrx_word' id='word_1_253' title='bbox 733 4122 988 4182; x_wconf 87' lang='lat' dir='ltr'><strong>modicis</strong></span> <span class='ocrx_word' id='word_1_254' title='bbox 1029 4120 1205 4197; x_wconf 85' lang='lat' dir='ltr'><strong>igitur</strong></span> <span class='ocrx_word' id='word_1_255' title='bbox 1241 4120 1552 4181; x_wconf 88' lang='lat' dir='ltr'><strong>modicum</strong></span> <span class='ocrx_word' id='word_1_256' title='bbox 1593 4117 1757 4177; x_wconf 90' lang='lat' dir='ltr'><strong>dabo</strong></span> <span class='ocrx_word' id='word_1_257' title='bbox 1796 4134 2040 4194; x_wconf 81' lang='lat' dir='ltr'><strong>pauper,</strong></span> <span class='ocrx_word' id='word_1_258' title='bbox 2082 4125 2145 4176; x_wconf 88' lang='lat' dir='ltr'><strong>et</strong></span> <span class='ocrx_word' id='word_1_259' title='bbox 2180 4114 2329 4176; x_wconf 85' lang='lat' dir='ltr'><strong>inde</strong></span> 
     </span>
     <span class='ocr_line' id='line_1_39' title="bbox 595 4213 2241 4295; baseline -0.006 -16"><span class='ocrx_word' id='word_1_260' title='bbox 595 4218 767 4279; x_wconf 82' lang='lat' dir='ltr'><strong>Malo</strong></span> <span class='ocrx_word' id='word_1_261' title='bbox 807 4219 1004 4279; x_wconf 82' lang='lat' dir='ltr'><strong>valere</strong></span> <span class='ocrx_word' id='word_1_262' title='bbox 1038 4236 1254 4295; x_wconf 82' lang='lat' dir='ltr'><strong>parum</strong></span> <span class='ocrx_word' id='word_1_263' title='bbox 1295 4234 1478 4294; x_wconf 87' lang='lat' dir='ltr'><strong>quam</strong></span> <span class='ocrx_word' id='word_1_264' title='bbox 1520 4215 1776 4275; x_wconf 82' lang='lat' dir='ltr'><strong>valuisse</strong></span> <span class='ocrx_word' id='word_1_265' title='bbox 1818 4213 2020 4273; x_wconf 88' lang='lat' dir='ltr'><strong>nichil.</strong></span> <span class='ocrx_word' id='word_1_266' title='bbox 2235 4264 2241 4269; x_wconf 91' lang='lat'>.</span> 
     </span>
     <span class='ocr_line' id='line_1_40' title="bbox 597 4308 2317 4391; baseline -0.004 -16"><span class='ocrx_word' id='word_1_267' title='bbox 597 4315 741 4376; x_wconf 89' lang='lat' dir='ltr'><strong>Non</strong></span> <span class='ocrx_word' id='word_1_268' title='bbox 783 4316 964 4377; x_wconf 88' lang='lat' dir='ltr'><strong>miser</strong></span> <span class='ocrx_word' id='word_1_269' title='bbox 1002 4326 1093 4377; x_wconf 85' lang='lat' dir='ltr'><strong>est</strong></span> <span class='ocrx_word' id='word_1_270' title='bbox 1129 4314 1285 4387; x_wconf 79' lang='lat' dir='ltr'><strong>talis,</strong></span> <span class='ocrx_word' id='word_1_271' title='bbox 1325 4312 1551 4391; x_wconf 82' lang='lat' dir='ltr'><strong>aliquid</strong></span> <span class='ocrx_word' id='word_1_272' title='bbox 1593 4312 1699 4389; x_wconf 88' lang='lat' dir='ltr'><strong>qui</strong></span> <span class='ocrx_word' id='word_1_273' title='bbox 1741 4330 1866 4373; x_wconf 88' lang='lat' dir='ltr'><strong>non</strong></span> <span class='ocrx_word' id='word_1_274' title='bbox 1902 4310 2052 4371; x_wconf 83' lang='lat' dir='ltr'><strong>dare</strong></span> <span class='ocrx_word' id='word_1_275' title='bbox 2091 4308 2317 4387; x_wconf 83' lang='lat' dir='ltr'><strong>possit3</strong></span> 
     </span>
     <span class='ocr_line' id='line_1_41' title="bbox 607 4420 2456 4493; baseline -0.005 -14"><span class='ocrx_word' id='word_1_276' title='bbox 607 4442 676 4493; x_wconf 72' lang='lat'><strong>⁹9</strong></span> <span class='ocrx_word' id='word_1_277' title='bbox 708 4427 844 4479; x_wconf 84' lang='lat' dir='ltr'><strong>Sunt</strong></span> <span class='ocrx_word' id='word_1_278' title='bbox 864 4427 909 4479; x_wconf 91' lang='lat' dir='ltr'>C</span> <span class='ocrx_word' id='word_1_279' title='bbox 1104 4442 1169 4492; x_wconf 80' lang='lat'><strong>51</strong></span> <span class='ocrx_word' id='word_1_280' title='bbox 1205 4426 1405 4493; x_wconf 68' lang='lat' dir='ltr'><strong>§ymon</strong></span> <span class='ocrx_word' id='word_1_281' title='bbox 1429 4432 1735 4489; x_wconf 72' lang='lat' dir='ltr'><strong>execti-aque</strong></span> <span class='ocrx_word' id='word_1_282' title='bbox 1754 4424 1800 4475; x_wconf 88' lang='lat' dir='ltr'>L</span> <span class='ocrx_word' id='word_1_283' title='bbox 1859 4423 1913 4475; x_wconf 70' lang='lat' dir='ltr'><strong>zi</strong></span> <span class='ocrx_word' id='word_1_284' title='bbox 1934 4438 2043 4473; x_wconf 85' lang='lat' dir='ltr'><strong>non</strong></span> <span class='ocrx_word' id='word_1_285' title='bbox 2066 4436 2377 4484; x_wconf 71' lang='lat' dir='ltr'><strong>excecraque</strong></span> <span class='ocrx_word' id='word_1_286' title='bbox 2410 4420 2456 4469; x_wconf 89' lang='lat' dir='ltr'>D</span> 
     </span>
     <span class='ocr_line' id='line_1_42' title="bbox 1481 4524 1586 4570; baseline -0.019 0"><span class='ocrx_word' id='word_1_287' title='bbox 1481 4524 1522 4570; x_wconf 82' lang='lat' dir='ltr'>G</span> <span class='ocrx_word' id='word_1_288' title='bbox 1553 4527 1586 4568; x_wconf 83' lang='lat'>2</span> 
     </span>
    </p>
   </div>
  </div>
 </body>
</html>
