3434 5142
1168 476 1458 544 LIBER
1518 480 1884 546 PRIMUS
2543 506 2628 568 43

580 640 749 702 Sicut
790 654 975 700 arena
1016 636 1213 712 maris,
1260 648 1661 700 monstrorum
1702 639 1919 701 concio
1960 640 2098 702 seda

576 738 863 816 Vndiq‘ue
904 738 1291 815 progrediens
1334 737 1769 798 innumeranda
1810 739 1936 799 fuit.
2526 757 2626 816 750

580 836 873 897 Demonis
914 852 989 895 ex
1028 835 1212 911 stirpe
1252 835 1475 896 furiens
1516 836 1627 895 fuit
1666 835 1768 895 illa
1809 854 2090 915 propago,

580 932 841 993 Horrida
882 933 1041 992 facta
1078 932 1217 991 viris
1258 940 1319 993 et
1358 932 1622 993 violenta
1661 934 1819 1008 de03

578 1030 993 1107 Contemptrix
1032 1048 1333 1107 superum,
1376 1047 1642 1107 seueque
1682 1030 2032 1092 auidissima
2070 1030 2251 1105 cedis,

578 1128 661 1189 vt
700 1127 877 1204 lupus
920 1136 1027 1201 est,
1072 1128 1280 1188 ouium
1323 1126 1471 1188 dum
1511 1127 1649 1187 furit
1690 1128 1820 1205 ipse
1860 1130 2036 1190 same.

580 1226 857 1285 Protinus
898 1225 1106 1301 irrupit
1146 1242 1300 1285 vene
1341 1226 1558 1302 peioris
1598 1225 1959 1287 habundans

580 1322 781 1382 Omne
822 1322 1069 1398 nephas,
1114 1339 1235 1398 que
1272 1322 1430 1383 viros
1471 1322 1661 1383 inficit
1698 1342 1844 1383 aura
1883 1322 2124 1401 probo&

658 1420 904 1497 Septem
944 1420 1277 1497 progenies,
1324 1439 1473 1498 quas
1514 1420 1643 1498 ipse
1684 1422 1920 1499 Cha’yrm
1958 1423 2282 1501 generauit,
2373 1454 2384 1465 ·

578 1518 737 1580 Cum
777 1517 943 1577 furiis
982 1517 1130 1577 socii
1172 1528 1679 1579 connumerantur
1720 1519 1820 1579 ibi.

577 1614 901 1690 Terribilis,
944 1615 1133 1689 feduS,
1178 1616 1339 1677 celer
1376 1616 1457 1677 ad
1498 1617 1709 1691 sceluS,
1753 1617 1832 1677 ad
1875 1615 2037 1679 bona
2077 1619 2297 1691 tarduS,

578 1712 850 1789 Quilibet
890 1722 1017 1773 arte
1058 1732 1167 1774 sua
1207 1713 1503 1775 deteriora
1543 1725 1726 1792 parat.
2525 1722 2622 1792 ⁷⁶0

580 1812 769 1873 Praua
808 1822 1075 1873 creatura
1116 1812 1343 1889 spernit
1384 1813 1708 1874 metuenda
1749 1814 1962 1888 futura,

579 1909 778 1970 Omne
820 1910 986 1989 quod
1027 1910 1346 1987 imponunt
1386 1910 1501 1971 sub
1541 1910 1792 1988 paritate
1833 1913 2062 1973 ferunt:

578 2008 827 2086 Semper
864 2026 1074 2069 amans
1114 2010 1340 2070 crimen
1384 2010 1494 2069 fuit
1535 2010 1666 2083 hec,
1709 2010 2015 2089 actrixque
2057 2009 2244 2083 ruine,

578 2105 875 2185 Moreque
915 2106 1209 2167 carnificis
1250 2125 1461 2184 aspera
1499 2108 1651 2168 cede
1694 2107 1848 2167 furit.

580 2203 795 2264 Narrat
834 2206 1065 2275 Ysa'ias,
1108 2205 1416 2277 Ysidorus,
1462 2206 1858 2283 Apocalipsis,

576 2302 797 2379 Tangit
838 2311 899 2364 et
939 2302 1002 2362 in
1049 2303 1237 2363 titulis
1276 2321 1493 2381 magna
1532 2302 1758 2381 Sybilla
1798 2304 1955 2366 suist

576 2400 713 2477 Gog
754 2410 877 2459 erat
917 2409 1100 2478 atque
1143 2401 1367 2478 Magog
1404 2400 1633 2462 dictum
1674 2419 2016 2480 cognomen
2056 2420 2284 2476 eorum,

578 2495 828 2558 Actibus
870 2498 934 2557 in
975 2517 1232 2575 quorum
1273 2508 1389 2559 stat
1430 2498 1617 2577 magis
1657 2517 1840 2561 omne
1881 2500 2089 2561 scelus„

577 2594 744 2670 Quid
786 2596 863 2655 sit
904 2614 1005 2656 rex
1046 2596 1141 2657 vel
1181 2596 1277 2657 lex
1316 2596 1481 2657 furiis
1523 2597 1785 2657 nescitur
1823 2595 1902 2658 ab
1941 2598 2076 2672 inis,

578 2693 811 2769 Regula
854 2694 1017 2753 nulla
1057 2694 1199 2772 ligat
1239 2694 1391 2755 ordo
1432 2711 1548 2754 nec
1587 2694 1740 2755 vllus
1782 2713 1922 2757 eos:
2525 2714 2623 2771 ⁷⁷0

579 2790 723 2851 Non
764 2792 1041 2851 homines
1083 2800 1376 2865 metuunt,
1422 2810 1669 2869 superos
1711 2793 1876 2853 cultu
1917 2810 2032 2854 nec
2069 2793 2339 2867 adorant,

576 2888 699 2950 Sed
739 2890 907 2967 quod
946 2890 1132 2951 habet
1174 2891 1437 2951 mundus
1480 2892 1709 2969 turpius
1751 2892 1898 2955 illud
1937 2902 2140 2969 agunt.

576 2986 875 3049 Carnibus
916 2988 1197 3049 humanis
1237 2990 1390 3049 solet
1430 2988 1546 3050 hec
1584 3008 1734 3067 gens
1773 2990 2017 3051 sordida
2055 2988 2234 3063 vesci,

574 3084 848 3164 Taleque
887 3088 991 3148 dat
1032 3088 1259 3165 populo
1300 3088 1422 3148 vita
1459 3087 1647 3148 ferina
1686 3088 1918 3149 forum:

576 3182 803 3261 Turpia
844 3194 984 3245 sunt
1024 3184 1195 3261 plura
1234 3183 1455 3262 quibus
1494 3185 1676 3245 vtitur
1716 3196 1843 3246 atra
1885 3184 2086 3263 figura,

579 3281 723 3356 Quo
763 3282 923 3359 capit
964 3282 1305 3359 exemplum
1345 3280 1521 3344 turba
1562 3284 1822 3361 maligna
1863 3283 2103 3342 malum.

579 3380 719 3440 Hec
760 3380 983 3441 etenim
1024 3380 1219 3442 rabies
1258 3381 1483 3441 furiens
1522 3400 1797 3442 connexa
1835 3379 2108 3457 malignis

576 3476 883 3537 Conuenit
924 3477 1038 3538 hiis
1079 3479 1265 3554 furiis,
1304 3478 1384 3539 de
1424 3478 1645 3557 quibus
1684 3488 1824 3540 ante
1865 3480 2117 3556 loquor:

578 3576 969 3636 Conueniunt
1010 3576 1203 3637 eciam
1242 3577 1391 3637 socii
1431 3595 1587 3654 quos
1628 3594 1820 3654 nuper
1859 3577 2068 3636 Vluxis

578 3673 843 3733 Mutauit
884 3674 1105 3747 Circes»,
1151 3682 1212 3734 et
1252 3675 1555 3735 sociantur
1593 3676 1713 3737 eis:
2528 3685 2624 3750 780

578 3770 639 3829 N
642 3788 761 3830 unc
800 3770 981 3833 facies
1022 3772 1357 3844 hominum,
1398 3790 1563 3833 nunc
1605 3772 2020 3833 transformata
2059 3773 2314 3833 ferarum

576 3868 911 3930 Gestabant
950 3870 1163 3947 capita,
1207 3887 1329 3947 que
1368 3871 1608 3931 racione
1647 3879 1868 3931 carent.

480 4080 603 4134 Hic
627 4080 779 4135 dicit
804 4080 1144 4136 secundum
1166 4080 1483 4137 vidonem
1507 4082 1781 4152 sompnii
1806 4082 2076 4151 qualiter
2101 4081 2343 4137 audiuit
2363 4081 2627 4137 nomina

404 4170 479 4224 et
503 4182 721 4225 eorum
744 4183 945 4224 voces
978 4169 1270 4225 diuersas
1292 4172 1359 4225 et
1380 4168 1732 4225 horribiles.
1803 4170 1969 4226 Dicit
2001 4170 2202 4225 eciam
2231 4170 2310 4225 de
2341 4168 2628 4225 Iohanne
2671 4232 2680 4239 ,

480 4329 575 4377 757
611 4314 777 4377 Caym
800 4312 954 4364 Hm·
1152 4314 1251 4377 766
1284 4314 1324 4365 S
1346 4314 1443 4364 has
1462 4315 1559 4365 lost
1574 4330 1668 4366 om
1688 4314 1799 4377 leaf
1803 4315 2092 4381 containing
2111 4316 2165 4366 u.
2193 4316 2437 4378 766-856.
2513 4312 2635 4363 Text

395 4393 601 4456 jbllows
620 4393 665 4443 C
798 4392 983 4456 sybilla
1003 4390 1049 4442 C
1112 4392 1283 4443 sibilla
1305 4392 1461 4443 EHD
1594 4406 1687 4456 771
1713 4394 1952 4445 dominos
1979 4409 2190 4457 superos
2213 4408 2310 4444 nec
2340 4394 2560 4444 adorant
2581 4393 2632 4441 D

414 4488 513 4536 779
545 4470 731 4523 vluxis
754 4470 857 4521 HT
920 4470 1089 4523 vlixis
1112 4472 1204 4523 GE
1268 4470 1437 4523 Alixis
1463 4471 1510 4520 D
