3434 5142
786 466 904 527 140
1253 493 1262 501 .
1480 446 1674 511 VOX
1736 443 2116 509 CLAMAN
2126 442 2278 507 TIS

942 608 1044 667 Set
1085 605 1237 667 redit
1278 604 1340 666 in
1379 604 1581 666 vacuis
1621 615 1912 667 euacuata
1950 623 2180 664 manus.

945 705 1111 763 Dum
1152 705 1294 764 dare
1335 703 1460 762 vult
1499 700 1700 773 laicus»,
1746 699 2011 780 precellit
2050 698 2446 778 Theologiam
2471 721 2490 775 ;

943 800 1006 860 Si
1047 802 1156 862 des
1197 802 1361 862 dona
1400 799 1599 874 michi,
1645 800 1809 861 dona
1848 799 2115 877 rependo
2156 796 2301 858 tibi:

945 900 1204 971 MarcuS,
1251 900 1550 973 Mattheus,
1595 898 1809 970 Lucas,
1854 895 1905 955 si
1945 896 2124 967 nulla,
2171 896 2492 969 IohanneS,

946 995 1127 1054 Dona
1168 996 1375 1067 ferant,
1421 995 1679 1073 perdunt
1722 1012 1841 1071 que
1881 992 1997 1052 sibi
2036 992 2199 1051 dona
2241 1001 2493 1069 petunt:
2854 1012 2983 1063 1230

943 1090 1006 1151 Si
1046 1090 1245 1152 veniat
1285 1092 1540 1151 famulus
1583 1088 1811 1163 mundi,
1856 1088 2014 1167 viget
2054 1086 2183 1166 ipse
2224 1098 2514 1165 receptuS,

944 1188 1006 1250 Si
1048 1190 1305 1250 famulus
1347 1188 1542 1263 Cristi,
1588 1206 1771 1248 nemo
1814 1186 2107 1247 ministrat
2147 1184 2219 1246 ei.

1026 1287 1089 1349 Si
1129 1287 1328 1349 veniat
1367 1306 1608 1367 pauper,
1654 1284 1839 1346 musis
1879 1283 2198 1346 comitatus
2243 1281 2515 1357 Homeri,

947 1386 1025 1446 Et
1066 1382 1250 1444 nichil
1289 1383 1566 1457 attulerit,
1610 1402 1838 1461 pauper
1876 1393 1941 1442 vt
1978 1392 2121 1441 ante
2161 1378 2350 1441 redit:

945 1480 1009 1542 Si
1049 1500 1245 1541 nouus
1285 1480 1654 1559 Augustinus
1693 1476 1780 1541 ibi
1820 1490 2062 1558 peteret,
2106 1497 2221 1538 nec
2260 1476 2507 1537 haberet

944 1580 1130 1657 Quod
1170 1580 1338 1641 daret
1377 1578 1506 1657 ipse
1545 1576 1724 1656 prim,
1768 1575 2012 1637 transiet
2050 1575 2179 1655 ipse
2220 1594 2419 1653 vaguS.

945 1675 1253 1740 Construit
1292 1686 1474 1753 atque
1513 1674 1652 1753 legit
1693 1673 1896 1748 laicuS,
1939 1674 2098 1735 bene
2138 1682 2355 1746 mutat,
2398 1671 2463 1731 in
2502 1690 2685 1745 aur03

944 1773 1007 1835 Si
1049 1776 1192 1835 dare
1233 1772 1501 1846 sufficiat,
1545 1782 1662 1832 stat
1701 1772 1860 1832 bene
1900 1768 2191 1849 quicquid
2230 1767 2367 1847 agit.

945 1869 1155 1948 Qualis
1197 1869 1358 1931 enirn
1401 1868 1590 1948 pietas
1631 1870 1745 1929 hec
1787 1878 1879 1928 est
1918 1866 2237 1929 discernite
2278 1875 2527 1939 vosmet,

943 1969 1068 2028 Aut
1109 1966 1159 2028 si
1199 1966 1432 2027 iusticia
1471 1965 1598 2026 iura
1637 1963 1866 2026 tenebit
1904 1963 2003 2025 ita.
2860 1984 2989 2033 1240

905 2054 914 2063 '
946 2063 1008 2125 Si
1049 2064 1210 2125 labat
1251 2062 1502 2124 ecclesia
1541 2062 1849 2125 declinans
1889 2063 2043 2122 forte
2081 2080 2189 2139 per
2228 2060 2390 2133 istos,

943 2164 1227 2224 Summus
1269 2180 1402 2223 earn
1443 2162 1666 2221 releuet
1707 2162 1786 2222 de
1827 2159 2048 2238 pietate
2088 2178 2213 2233 sua,

946 2259 1341 2320 Confundens
1382 2259 1619 2319 hereses
1659 2268 1721 2318 et
1762 2276 1883 2336 que
1922 2267 2062 2317 sunt
2101 2255 2379 2317 scismata
2416 2256 2603 2330 tollat,

946 2357 1045 2418 Ne
1084 2356 1220 2434 quis
1260 2355 1600 2419 Cristicolas
1641 2356 1890 2434 perdere
1929 2353 2117 2433 possit
2156 2372 2341 2415 oues:

943 2452 1274 2513 Vnanimes
1314 2454 1561 2515 redeant
1599 2450 1726 2525 tibi,
1771 2463 1831 2513 te
1871 2450 2204 2525 miserante,
2246 2452 2605 2529 redemptor,

948 2551 1121 2627 Quos
1161 2568 1293 2627 pax,
1338 2568 1490 2628 quos
1530 2549 1736 2629 pietas
1782 2567 1936 2627 quos
1976 2548 2117 2627 liget
2158 2568 2275 2607 vna
2316 2549 2482 2609 fides.

946 2643 1304 2706 Anticristus
1341 2656 1478 2724 aget
1518 2665 1636 2724 que
1677 2656 1819 2705 sunt
1857 2643 2151 2705 contraria
2191 2644 2405 2720 Crist0,

950 2744 1154 2802 Mores
1195 2743 1548 2803 subuertens
1589 2752 1650 2805 et
1689 2741 1914 2802 viciosa
1952 2743 2200 2803 fouens:

950 2837 1174 2899 Nescio
1214 2838 1265 2899 si
1304 2840 1456 2899 forte
1496 2840 1729 2900 mundo
1768 2838 1889 2898 iam
1930 2849 2171 2899 venerat
2210 2837 2340 2913 iste,

949 2934 1096 2997 Eius
1137 2936 1298 3025 enirn
1339 2936 1516 2999 video
1556 2935 1811 3015 plurima
1850 2936 2019 3015 signa
2058 2938 2260 2997 modo,
2864 2960 2993 3014 1250

950 3032 1108 3095 Petri
1150 3054 1270 3113 que
1311 3034 1528 3096 titubat
1568 3055 1788 3096 nauem
1829 3034 1990 3113 prius
2032 3034 2206 3113 erige,
2252 3034 2461 3109 criste,

952 3133 1154 3209 Quam
1194 3142 1412 3211 pereat,
1456 3152 1571 3193 nec
1609 3152 1747 3193 earn
1787 3134 1973 3193 fastus
2013 3132 2076 3193 in
2117 3132 2265 3195 orbe
2305 3144 2487 3195 voret.

859 3341 977 3398 Hic
1021 3344 1300 3413 loquitur
1343 3344 1684 3399 secundum
1729 3358 2058 3400 commune
2100 3344 2353 3411 dictum.
2402 3346 2675 3415 qualiter
2716 3344 2993 3401 honores

788 3432 854 3484 et
888 3444 1018 3483 non
1057 3445 1254 3485 onera
1289 3431 1562 3499 prelucie
1597 3431 1807 3500 plnres
1843 3430 2172 3495 affectant,
2209 3447 2333 3500 quo
2367 3433 2576 3501 magis
2618 3434 2689 3487 in
2724 3432 2997 3488 ecclesia

787 3519 1048 3571 cessant
1081 3516 1381 3583 virtutem
1417 3520 1485 3575 et
1517 3518 1690 3573 vicia
1724 3519 2154 3588 multipliciter
2186 3523 2573 3575 accrescunt.

589 3638 785 3714 Capm.
817 3655 907 3695 xv.
1035 3637 1093 3699 Ο
1134 3640 1300 3712 deuS,
1345 3657 1528 3699 omne
1567 3650 1733 3717 patet
1772 3638 1882 3701 tibi
1922 3658 2028 3701 cor
2065 3639 2447 3721 loquiturque
2486 3642 2778 3715 voluntas»,

955 3735 1035 3794 Et
1075 3746 1302 3795 secreta
1341 3746 1448 3796 tuo
1487 3734 1714 3797 lumine
1756 3738 1919 3796 nulla
1959 3738 2179 3798 latent:

953 3831 1050 3890 Tu
1093 3830 1267 3906 nosti,
1311 3830 1574 3907 domine,
1618 3834 1786 3911 quod
1828 3846 2119 3911 quantum
2160 3832 2340 3896 distat
2378 3834 2459 3897 ab
2500 3846 2636 3896 ortu

955 3925 1110 3987 Solis
1151 3926 1214 3989 in
1255 3948 1536 3989 occasum
1577 3932 1780 4009 regula
1820 3930 2012 4010 prima
2050 3931 2215 4011 fugit.

959 4025 1101 4103 Ipsa
1141 4026 1290 4087 fides
1331 4045 1601 4106 operanS,
1644 4046 1829 4105 quam
1870 4038 1937 4088 tu
1976 4030 2242 4109 plantare
2282 4029 2526 4091 volebas

961 4120 1070 4180 Est
1109 4121 1279 4198 quasi
1319 4123 1398 4183 de
1439 4126 1598 4185 clero
1637 4124 2003 4202 preuaricata
2042 4128 2265 4188 modo:

961 4220 1066 4278 Ius
1107 4221 1272 4296 quod
1313 4232 1438 4281 erat
1479 4220 1658 4283 Cristi
1699 4226 1963 4285 mundus
2004 4224 2134 4287 sine
2174 4224 2301 4286 iure
2340 4222 2600 4300 resoluit,

959 4316 1345 4393 Prelatosque
1385 4336 1579 4379 nouos
1619 4319 1898 4381 vendicat
1937 4321 2065 4400 ipse
2106 4340 2264 4382 suos.
2874 4344 2893 4379 1
2906 4330 3006 4381 260

961 4413 1204 4475 Nomen
1243 4412 1404 4476 enim
1444 4414 1636 4477 sancti
1673 4429 1947 4481 sanctum
1988 4438 2115 4481 non
2156 4417 2353 4496 efficit,
2394 4417 2583 4481 immo
