3434 5142
1063 475 1346 541 LxssER
1402 476 1817 544 TERqus
2418 500 2535 563 145

498 637 584 696 Vt
622 646 804 714 queat
844 635 908 696 in
949 635 1116 697 viciis
1158 636 1268 697 rite
1308 638 1548 698 studere
1586 656 1788 715 vagus,

501 733 606 794 Nil
644 735 886 795 decreta
925 736 1166 813 placent
1207 733 1322 794 sibi
1361 754 1478 795 nec
1516 755 1682 796 sacra
1723 736 2041 816 theologia,

497 832 612 891 Ars
654 830 768 893 sibi
809 843 1020 893 nature
1061 832 1277 894 sufficit
1317 832 1506 893 immo
1546 852 1690 895 sue:
2411 858 2540 908 1410

499 928 642 1007 Ipsa
683 930 960 1007 magistra
999 932 1180 991 docet
1219 950 1314 992 res
1354 932 1570 1009 plureS,
1613 930 1793 993 discit
1830 941 1892 993 et
1932 932 2051 1008 ille,

501 1025 720 1087 Scribit
759 1038 820 1087 et
861 1026 924 1089 in
965 1040 1145 1088 nocte
1186 1048 1306 1106 que
1347 1031 1548 1090 studet
1588 1028 1718 1107 ipse
1758 1030 1877 1091 die.

501 1124 579 1184 Et
617 1136 860 1203 propter
899 1126 1152 1185 formam
1194 1128 1440 1187 tandem
1479 1126 1630 1205 petit
1669 1126 1799 1205 ipse
1838 1128 2200 1202 cathedram,

498 1222 582 1280 Vt
621 1220 697 1283 sit
735 1224 815 1283 ad
855 1224 974 1284 hoc
1014 1224 1249 1297 ductuS‚
1295 1225 1464 1301 plura
1503 1226 1609 1285 dat
1648 1223 1779 1303 ipse
1817 1224 2019 1304 prius:

497 1316 600 1380 Sic
637 1330 729 1381 est
768 1331 1006 1381 curatus
1046 1320 1309 1382 doctoris
1350 1322 1495 1383 sede
1534 1324 1783 1397 locatuS,

500 1418 744 1495 Datque
783 1420 1038 1497 legenda
1067 1417 1200 1493 suis
1243 1418 1478 1481 mistica
1517 1419 1644 1480 iura
1683 1420 1881 1483 scolis,

583 1519 600 1548 ‘
616 1517 712 1577 Ve
752 1516 902 1589 soli,’
941 1516 1193 1595 legimus
1234 1538 1307 1579 ex
1347 1517 1648 1597 scripturis
1691 1518 2049 1594 Salomonis,

498 1613 781 1691 Namque
820 1614 1012 1675 virum
1053 1617 1250 1675 solum
1289 1635 1473 1676 nemo
1511 1614 1757 1695 requirit
1796 1636 1975 1677 eum:

496 1711 640 1787 Qua
679 1711 917 1773 racione
958 1714 1120 1774 scole
1161 1732 1294 1774 mos
1336 1725 1441 1788 est,
1487 1716 1654 1791 quod
1696 1714 1953 1793 quisque
1993 1716 2231 1777 studere

500 1808 702 1869 Debet
741 1830 882 1870 cum
923 1810 1087 1871 socia
1126 1812 1342 1871 doctus
1382 1809 1444 1871 in
1486 1823 1611 1872 arte
1651 1831 1779 1877 sua.
2410 1836 2543 1887 προ

498 1908 640 1985 Ipse
680 1910 831 1969 deus
872 1908 1098 1969 sociam
1139 1908 1281 1969 fecit
1320 1928 1430 1987 per
1467 1911 1670 1969 secula
1708 1908 1981 1987 primam,

497 2006 584 2065 Vt
623 2004 789 2066 iuuet
829 2008 946 2067 hec
984 2006 1312 2081 hominem,
1355 2006 1564 2085 sicque
1603 2006 1829 2067 creauit
1866 2026 2002 2067 eam
2028 2026 2047 2069 ε

499 2104 812 2163 Masculus
849 2103 914 2163 in
953 2104 1152 2182 primo
1189 2106 1378 2165 factus
1419 2104 1547 2180 fuit,
1591 2114 1775 2182 atque
1814 2105 2089 2166 secundo

501 2203 552 2262 F
551 2202 766 2277 emina,
811 2202 900 2263 sic
936 2213 1003 2263 vt
1041 2201 1105 2262 in
1147 2202 1261 2263 hiis
1301 2204 1406 2264 det
1445 2203 1596 2264 deus
1637 2222 1769 2263 esse
1808 2222 2035 2281 genus:

500 2299 744 2379 Istaque
782 2298 1074 2379 principia
1110 2298 1401 2361 discretus
1441 2310 1635 2360 rector
1672 2302 1909 2378 agenda

498 2398 833 2473 Perstudet,
877 2408 940 2459 et
977 2408 1119 2461 vota
1155 2398 1366 2477 prebet
1405 2397 1468 2458 in
1510 2408 1636 2459 arte
1675 2398 1795 2477 pia.

502 2494 656 2572 Quis
695 2495 1013 2574 laterisque
1053 2496 1146 2557 sui
1186 2507 1414 2557 costam
1457 2512 1639 2575 quam
1680 2496 1863 2559 sentit
1899 2496 2114 2559 abesse

500 2594 646 2653 Non
685 2605 946 2672 cuperet,
989 2614 1096 2673 per
1135 2613 1318 2673 quam
1358 2596 1737 2672 perficeretur
1776 2596 1965 2656 homo
1980 2597 2009 2657 ?

505 2689 705 2752 Prima
742 2690 852 2751 viri
892 2704 1059 2753 costa
1101 2692 1314 2753 mulier
1350 2692 1462 2753 fuit
1501 2691 1632 2771 ipsa
1671 2704 1885 2767 creata,

497 2791 647 2850 Vult
687 2788 866 2867 igitur
901 2802 1132 2851 costam
1172 2802 1367 2852 rector
1405 2790 1627 2852 habere
1669 2810 1858 2852 suam.
2152 2840 2165 2851 .
2408 2813 2541 2866 1430

501 2888 662 2948 Nam
704 2889 856 2949 deus
895 2889 1222 2950 humanam
1263 2888 1528 2968 precepit
1568 2909 1835 2951 crescere
1872 2898 2131 2967 gentem,

500 2984 688 3048 Cuius
727 2996 1011 3065 precepto
1050 2986 1468 3065 multiplicabit
1505 2988 1730 3048 homo:

500 3081 600 3143 Sic
640 3082 756 3144 sibi
798 3082 1151 3163 multiplicat
1190 3095 1398 3158 rector,
1441 3086 1588 3145 dum
1631 3104 1839 3145 semen
1880 3082 2207 3157 habundat,

499 3182 586 3241 Vt
625 3180 702 3242 sit
742 3182 1010 3243 mandati
1049 3202 1176 3242 non
1217 3201 1350 3242 reus
1391 3181 1522 3260 ipse
1561 3181 1680 3243 dei.

499 3279 728 3341 Causas
766 3299 873 3358 per
911 3282 1060 3341 tales
1099 3290 1294 3341 rector
1330 3279 1544 3357 probat
1584 3290 1645 3340 et
1683 3278 1971 3353 racioneS,

504 3378 691 3455 Quod
732 3377 848 3440 sibi
887 3378 1006 3439 sint
1048 3376 1226 3451 socie,
1271 3380 1420 3439 dum
1461 3388 1577 3439 stat
1613 3378 1678 3439 in
1715 3388 1841 3439 arte
1882 3380 2059 3439 scole.

499 3474 703 3536 Primo
742 3474 1051 3536 materiam
1091 3487 1420 3554 conceptus
1460 3486 1687 3549 tractat,
1731 3488 1792 3537 et
1831 3475 2015 3551 illam,

499 3574 583 3634 Vt
622 3572 823 3634 veniat
860 3584 1080 3653 partus,
1125 3584 1241 3634 stat
1281 3576 1610 3652 repetendo
1649 3574 1875 3654 magis;

497 3669 600 3732 Sic
638 3670 781 3750 legit
820 3682 881 3733 et
921 3682 1166 3746 textum,
1209 3670 1352 3751 legit
1391 3682 1453 3733 et
1490 3674 1721 3751 glosam
1760 3692 1942 3751 super
1978 3672 2163 3747 illum,

500 3770 586 3829 Vt
625 3771 788 3830 scola
827 3768 1134 3849 discipulis
1176 3769 1252 3831 sit
1292 3772 1588 3849 patefacta
1627 3769 1787 3833 suis:
2410 3792 2539 3843 1440

499 3864 793 3928 Verberat
830 3866 960 3946 ipse
1001 3886 1209 3945 regens
1251 3886 1361 3945 pro
1400 3870 1591 3930 forma
1631 3886 1775 3946 sepe
1816 3868 2091 3942 scolareS,

498 3966 585 4025 Vt
623 3963 784 4044 vigili
824 3964 984 4044 virga
1025 3965 1101 4027 sit
1141 3966 1282 4046 vigil
1320 3966 1452 4046 ipsa
1489 3968 1670 4027 scola.

501 4064 750 4139 Quanto
788 4062 1051 4124 formalis
1093 4064 1281 4143 magis
1321 4074 1480 4125 extat
1517 4064 1582 4123 in
1621 4074 1749 4123 arte
1788 4062 2063 4141 legend0,

504 4162 614 4222 Est
655 4180 808 4239 opus
848 4160 912 4222 in
954 4173 1123 4223 tanto
1163 4161 1465 4223 materiale
1505 4160 1727 4223 minus-

502 4260 648 4320 Non
686 4258 860 4321 labor
897 4271 1154 4334 excusat,
1200 4260 1420 4321 doceat
1456 4258 1602 4337 quin
1643 4268 1825 4321 noete
1863 4259 2101 4340 dieque,

503 4358 646 4435 Quo
685 4358 803 4418 sibi
842 4360 947 4419 dat
987 4378 1243 4420 vacuum
1283 4354 1625 4420 sollicitudo
1663 4369 1883 4437 caput:

502 4456 758 4533 Questio
797 4476 1062 4535 namque
1100 4474 1226 4531 sua,
1268 4475 1453 4537 quam
1493 4456 1759 4539 disputat
1796 4478 1928 4519 esse
1968 4456 2344 4536 profundam,

419 4550 568 4586 ****
1419 4571 1462 4619 L
