3434 5142
844 451 971 513 240
1512 479 1517 484 -
1552 431 1748 497 Vox
1807 432 2349 499 CLAMANTIS

1010 599 1306 675 Agrorum
1350 597 1499 658 fines
1539 598 1754 674 longos
1795 597 2118 659 extendere
2158 597 2376 674 queriS,

1011 695 1143 754 Nec
1184 705 1419 771 reputas
1458 695 1580 756 vite
1620 705 1891 772 tempora
1931 705 2098 754 curta
2138 705 2256 754 tue.

1008 793 1177 869 Quid
1217 793 1369 870 petis
1410 803 1720 871 argentum
1763 792 1917 854 tibi?
1969 811 2140 872 spem
2183 792 2330 870 quid
2373 791 2550 869 ponis
2591 792 2654 852 in
2695 811 2906 853 aurum
2927 795 2956 853 Ρ

1006 891 1160 951 Sunt
1200 909 1341 950 nam
1382 909 1738 952 communes
1779 877 2060 951 omnibus
2101 888 2264 950 orbis
2303 906 2468 966 opes.
2953 899 3060 964 360

1006 989 1219 1066 Sepius
1261 989 1374 1048 ista
1414 988 1513 1050 dei
1555 989 1697 1050 data
1735 989 2035 1066 conspicis
2076 987 2350 1048 hostibus
2393 1005 2544 1060 esse,

1003 1088 1165 1147 Ante
1206 1086 1388 1148 deum
1430 1087 1594 1147 nulla
1634 1087 1764 1148 laus
1805 1096 1866 1148 et
1907 1085 2162 1146 habetur
2201 1084 2328 1146 eis:

1005 1183 1132 1244 Ista
1171 1203 1437 1262 paganus
1478 1184 1677 1256 habet,
1721 1185 1964 1256 IudeuS,
2009 1184 2160 1244 latro
2200 1193 2523 1258 cruentus3

1004 1281 1203 1344 Crede
1244 1283 1411 1359 quod
1450 1282 1633 1342 iratus
1674 1301 1818 1359 sepe
1859 1283 1964 1343 dat
2003 1283 2117 1342 ista
2157 1281 2326 1341 deus,

1003 1380 1195 1440 Parua
1236 1389 1399 1458 pute,
1446 1397 1828 1458 quecumque
1867 1381 2057 1440 malos
2094 1378 2391 1455 contingit
2433 1377 2672 1450 habere,

1002 1478 1147 1539 Non
1188 1488 1279 1539 est
1318 1495 1636 1556 prauorum
1676 1479 1854 1555 copia
1893 1477 2118 1555 grande
2160 1476 2410 1537 bonum.

998 1577 1058 1638 O
1099 1577 1388 1655 quociens
1426 1577 1515 1636 vir
1554 1577 1744 1636 iustus
1785 1584 1938 1653 eget,
1981 1576 2311 1635 scelerosus
2352 1571 2684 1648 habundat,

1003 1675 1130 1734 Hic
1168 1684 1261 1735 set
1300 1692 1425 1735 non
1466 1671 1626 1748 alibi,
1670 1674 1762 1734 ius
1803 1674 1946 1751 quia
1985 1682 2192 1750 regnat
2232 1672 2338 1733 ibi,

1000 1772 1272 1833 Dilectus
1312 1772 1544 1834 domini
1585 1773 1850 1846 moritur,
1895 1771 2042 1832 dum
2084 1771 2231 1831 viuit
2269 1769 2520 1844 adulter,

1000 1872 1144 1931 Non
1184 1879 1387 1930 tamen
1430 1870 1513 1928 hii
1555 1869 1734 1932 Cristi
1777 1880 1916 1929 sunt
1955 1869 2020 1928 in
2061 1885 2266 1929 amore
2305 1885 2519 1944 pares:
2947 1889 3048 1944 370

998 1970 1245 2047 Egrotat
1285 1969 1490 2042 iustus,
1534 1969 1683 2029 dum
1725 1985 1904 2028 sanus
1945 1967 2116 2028 floret
2156 1966 2374 2043 inique,

997 2067 1147 2128 Fine
1186 2077 1389 2128 tamen
1430 2066 1736 2145 proprium
1773 2066 2034 2142 quisque
2075 2074 2335 2141 reportat
2375 2081 2551 2123 onus.

996 2165 1057 2226 Si
1099 2174 1301 2225 tamen
1342 2165 1404 2224 in
1447 2165 1679 2225 mundo
1718 2164 1900 2224 iudex
1939 2161 2055 2224 sibi
2095 2163 2247 2222 ferre
2285 2159 2540 2222 salutem

998 2263 1211 2334 Possit,
1254 2281 1379 2323 non
1418 2272 1586 2323 curat
1627 2262 1776 2340 quid
1817 2261 1932 2322 sibi
1974 2261 2112 2320 finis
2153 2260 2280 2320 erit.

1076 2360 1134 2422 Ο
1177 2361 1281 2438 qui
1322 2370 1538 2420 cuncta
1578 2360 1768 2436 cupiS,
1808 2377 1915 2417 cur
1956 2366 2140 2418 temet
2180 2357 2456 2417 deseris?
2514 2355 2719 2417 Omne

995 2459 1108 2519 Est
1147 2456 1316 2536 quod
1356 2458 1419 2518 in
1460 2457 1608 2518 orbe
1648 2467 1835 2530 tenes,
1879 2465 1972 2516 set
2013 2473 2210 2532 neque
2251 2464 2436 2514 temet
2478 2453 2686 2514 habes,

994 2557 1054 2618 Ο
1095 2556 1199 2634 qui
1241 2555 1359 2616 scis
1398 2555 1547 2616 alios
1588 2571 1715 2614 non
1757 2564 1834 2626 te,
1877 2564 1944 2614 tu
1986 2563 2164 2613 notus
2203 2552 2282 2613 ad
2323 2570 2553 2623 omneS,

997 2656 1141 2716 Non
1180 2653 1291 2714 tibi
1333 2652 1481 2731 quid
1521 2652 1766 2730 prodest
1805 2652 1907 2712 illa
1947 2651 2224 2722 sciencia,
2269 2651 2370 2710 nil.

994 2754 1089 2814 Te
1130 2769 1343 2813 noscas
1384 2751 1561 2828 igitur
1598 2751 1810 2828 primo,
1854 2767 1952 2810 me
1995 2767 2179 2809 nosce
2219 2749 2508 2822 secund0,

996 2851 1257 2912 Rectum
1298 2849 1587 2909 iudicium
1620 2849 1707 2908 sic
1749 2848 2048 2925 sapienter
2086 2865 2219 2926 age.
2939 2855 3040 2922 380

995 2949 1218 3012 Omnia
1258 2965 1379 3026 que
1419 2948 1629 3009 mundi
1671 2958 1815 3008 sunt
1850 2947 2064 3025 diligis,
2107 2938 2314 3008 omnia
2354 2945 2533 3008 Cristi

996 3048 1265 3125 Linquis,
1306 3056 1365 3108 et
1406 3065 1481 3108 ex
1520 3046 1746 3107 nichilo
1785 3047 1980 3108 credis
2021 3045 2244 3106 habere
2285 3045 2468 3105 satis:

992 3147 1091 3206 Tu
1132 3145 1328 3206 celum
1370 3144 1586 3222 perdis,
1632 3144 1927 3205 mundum
1969 3144 2228 3216 lucrariS,
2272 3144 2452 3202 inane

992 3244 1229 3320 Corpus
1271 3253 1603 3321 supportas,
1649 3243 1888 3321 spiritus
1929 3241 2090 3302 vnde
2129 3242 2308 3302 cadit.

992 3343 1104 3402 Est
1144 3339 1252 3400 tibi
1294 3341 1625 3418 perfectum
1665 3359 1906 3410 vanum,
1949 3339 2057 3402 tibi
2097 3339 2324 3401 mobile
2365 3337 2624 3411 firmum,

990 3440 1157 3500 Talis
1198 3439 1359 3499 enim
1403 3437 1583 3500 iudex
1624 3457 1748 3498 non
1789 3437 1948 3500 bene
1988 3437 2170 3498 sentit
2211 3454 2399 3513 opus:

992 3538 1257 3599 Edificas
1299 3545 1504 3610 turreS,
1546 3535 1844 3596 thalamos
1885 3535 2154 3595 nouitate
2195 3535 2430 3612 politos,

991 3634 1301 3714 Quicquid
1342 3643 1403 3695 et
1442 3643 1535 3694 est
1573 3633 1736 3694 orbis
1777 3634 1912 3711 plus
1953 3633 2176 3694 deitate
2215 3633 2398 3692 colis:

994 3733 1257 3793 Edificas
1298 3731 1511 3808 ampla,
1557 3730 1717 3790 fossa
1757 3731 2050 3791 clauderis
2092 3731 2156 3789 in
2196 3741 2340 3805 arta,

994 3830 1137 3906 Quo
1178 3828 1446 3890 medium
1488 3830 1697 3889 frontis
1739 3829 1892 3889 ostia
1931 3829 2132 3888 clausa
2173 3841 2463 3906 prement.
2935 3851 3034 3902 390

990 3928 1159 4004 Quid
1197 3938 1393 3989 vestes
1431 3927 1698 4001 referam,
1743 3928 1932 3987 lectos
1973 3926 2066 3986 vel
2107 3927 2324 3987 iudicis
2364 3927 2525 4000 edes,

992 4026 1266 4101 Quorum
1308 4026 1565 4088 luxuries
1608 4026 1800 4087 nescit
1839 4024 2064 4086 habere
2102 4043 2274 4104 pares
2291 4027 2320 4085 Ρ

989 4123 1115 4200 Qui
1158 4124 1345 4184 modo
1385 4125 1744 4201 prospiceret
1785 4123 2126 4184 habitacula
2165 4141 2406 4204 queque
2446 4124 2702 4199 fuemnt,

989 4221 1250 4282 Alterius
1292 4223 1525 4283 nouiter
1563 4221 1790 4284 diceret
1829 4221 1930 4282 illa
1972 4222 2154 4283 Iouis.

991 4318 1197 4379 Gloria
1238 4336 1441 4379 nonne
1482 4320 1598 4379 tuis
1639 4320 1750 4379 erit
1788 4327 1894 4381 aut
1933 4319 2043 4381 tibi
2086 4339 2308 4398 pompa
2349 4319 2686 4398 perhenniS,

990 4417 1161 4494 Quas
1200 4417 1343 4477 facis
1386 4416 1447 4476 in
1488 4416 1788 4491 domibus,
1833 4419 1980 4478 dum
2023 4429 2126 4482 tua
2164 4421 2326 4481 lucra
2365 4418 2565 4494 rapis?
