3434 5142
1186 460 1470 525 LIBER
1529 462 1983 541 QUARTUS

639 623 864 684 Nescio
905 622 1073 682 finali
1115 641 1235 700 qua
1275 623 1514 684 racione
1555 623 1725 683 foret.

638 723 841 797 Quam
882 722 1044 799 prius
1085 721 1235 782 ordo
1276 722 1387 782 fuit
1430 723 1690 795 fratrum,
1735 739 2152 799 quoscumque
2193 739 2438 782 necesse

636 819 931 897 Congruit
970 820 1223 880 ecclesie
1264 819 1446 880 fertur
1486 819 1682 880 inesse
1723 820 1958 898 gradus.

637 919 801 994 Papa
843 918 953 977 suit
992 918 1285 995 princeps,
1330 919 1478 978 alios
1521 919 1625 995 qui
1667 917 2083 992 substituebat,

634 1017 717 1075 Vt
760 1013 1000 1092 plebem
1044 1025 1315 1093 regerent
1356 1017 1588 1093 singula
1628 1017 1756 1075 iura
1797 1015 2006 1077 dedit:

638 1114 744 1173 Ius
786 1112 900 1172 sibi
942 1114 1142 1190 presul
1183 1113 1381 1188 habet,
1428 1114 1543 1174 sub
1584 1131 1659 1174 eo
1700 1125 1958 1186 curatuS,
2003 1123 2064 1174 et
2105 1113 2204 1174 ille

633 1210 981 1270 Admittens
1021 1229 1192 1272 curas
1234 1212 1503 1288 pondera
1541 1209 1736 1289 plebis
1775 1212 1930 1289 agit:

632 1308 1063 1385 Proprietarius
1102 1319 1195 1370 est
1234 1311 1434 1389 presul
1473 1311 1576 1386 qui
1620 1309 2043 1386 proprietatem

635 1407 861 1468 Curato
901 1406 1124 1480 tribuit,
1168 1426 1288 1484 qua
1329 1427 1435 1468 sua
1477 1409 1603 1468 iura
1645 1416 1847 1485 regat:

636 1505 897 1565 Presulis
925 1504 1069 1566 inde
1110 1506 1245 1565 loco
1288 1517 1526 1565 curatus
1570 1506 1743 1580 iurat,
1785 1513 1848 1564 vt
1889 1503 2018 1582 ipse

634 1604 939 1680 Tempore
979 1603 1182 1663 iudicii
1225 1587 1365 1681 que'
1387 1603 1519 1663 tulit
1560 1612 1694 1662 acta
1736 1601 1920 1663 dabit.

636 1701 747 1760 Est
788 1700 964 1778 igitur
1002 1701 1164 1760 racio
1204 1720 1323 1779 que
1362 1703 1456 1762 vel
1498 1701 1607 1761 tibi
1650 1719 1830 1760 causa
1869 1699 2121 1774 videtur,

636 1800 897 1859 Alterius
937 1799 1241 1876 proprium
1283 1801 1449 1878 quod
1490 1799 1606 1860 sibi
1648 1802 1826 1860 frater
1867 1798 2097 1860 habet?

636 1897 803 1958 Inter
840 1915 985 1958 aues
1024 1895 1191 1958 albas
1229 1899 1445 1958 vetitur
1485 1897 1810 1959 consistere
1851 1915 2121 1971 coruum,

636 1997 836 2071 Quem
880 2004 1048 2056 notat
1086 1996 1381 2073 ingratum
1423 1996 1740 2074 quodlibet
1781 2013 1912 2056 esse
1952 2013 2174 2072 pecus3

636 2094 805 2154 Inter
844 2102 905 2154 et
946 2093 1196 2154 ecclesie
1238 2095 1402 2155 ciues
1443 2094 1768 2154 consistere
1811 2094 2065 2166 fratrem,

636 2191 760 2267 Qui
802 2203 980 2270 negat
1021 2193 1148 2252 eius
1190 2210 1360 2265 onuS,
1405 2192 1609 2252 omnia
1650 2193 1778 2251 iura
1817 2201 2035 2252 vetant.

716 2290 977 2352 Caucius
1018 2290 1081 2349 in
1122 2291 1299 2351 rebus
1340 2288 1540 2351 dubiis
1580 2299 1671 2350 est
1712 2307 1950 2366 semper
1987 2289 2304 2366 agendum,

635 2388 835 2450 Causa
874 2407 989 2448 nec
1030 2399 1121 2448 est
1162 2389 1373 2448 mundi
1420 2387 1554 2448 talis
1595 2399 1657 2448 vt
1697 2388 1827 2464 ipsa
1869 2387 2010 2448 dei:

632 2487 694 2548 Si
736 2496 939 2547 tamen
982 2497 1221 2563 vsurpet
1260 2487 1472 2548 mundi
1513 2486 1648 2565 quis
1688 2487 1832 2560 iura,
1877 2486 2175 2546 refrenant

633 2585 811 2663 Legis
851 2602 991 2646 eum
1032 2584 1184 2646 vires
1225 2603 1338 2645 nec
1378 2585 1601 2646 variare
1642 2585 1866 2644 sinunt.

636 2682 775 2756 Que
816 2700 951 2741 mea
992 2691 1130 2742 sunt
1170 2682 1405 2760 propria
1444 2681 1677 2742 mundo
1717 2681 1768 2741 si
1809 2681 2041 2741 tolleret
2079 2681 2242 2754 alter,

631 2779 858 2839 Taliter
897 2778 1181 2840 iniustum
1223 2781 1319 2841 lex
1358 2779 1655 2857 reputabit
1695 2797 1872 2840 eum:

635 2878 711 2937 In
751 2877 1145 2954 preiudicium
1184 2878 1365 2955 partis
1405 2879 1500 2940 lex
1542 2897 1666 2938 non
1708 2878 1850 2938 sinit
1891 2895 2063 2954 equa,

632 2975 831 3034 Possit
870 2984 935 3034 vt
973 2976 1211 3036 alterius
1251 2977 1397 3037 alter
1438 2975 1659 3036 habere
1699 2976 1941 3038 locum:

634 3074 775 3148 Que
814 3072 977 3133 bona
1015 3091 1301 3150 corporea
1340 3084 1478 3133 sunt
1517 3073 1777 3145 alterius,
1823 3072 2030 3149 nequit
2070 3073 2217 3132 alter

628 3171 888 3243 Tollere,
933 3171 996 3230 ni
1037 3172 1237 3249 legum
1278 3171 1523 3231 condita
1561 3171 1687 3230 iura
1730 3178 1939 3247 neget:

632 3268 735 3328 Set
776 3286 896 3345 que
934 3279 1075 3328 sunt
1113 3268 1315 3328 anime
1355 3269 1532 3329 frater
1570 3269 1806 3345 rapiens
1847 3268 2062 3342 aliena,

634 3366 693 3424 N
696 3366 857 3426 fficio
898 3385 1018 3444 qua
1058 3366 1190 3444 lege
1231 3365 1571 3426 iustificabit
1611 3385 1784 3443 opus.

632 3462 695 3523 Si
737 3463 930 3538 dicat,
979 3467 994 3495 ‘
1013 3465 1177 3541 Papa
1217 3461 1563 3542 dispensat‚’
1606 3475 1751 3524 tunc
1791 3463 2116 3538 videamuS,

636 3561 747 3621 Est
787 3559 901 3621 sibi
942 3572 1301 3639 suggestum,
1346 3575 1560 3641 sponte
1598 3564 1695 3624 vel
1736 3561 1885 3622 illud
1925 3561 2067 3639 agit.

634 3661 797 3739 Papa
838 3679 1004 3721 mero
1044 3672 1213 3722 motu
1256 3663 1477 3721 scimus
1517 3663 1683 3739 quod
1724 3663 1864 3722 talia
1906 3677 2236 3738 numquam

633 3761 965 3833 Concessit,
1010 3771 1101 3821 set
1142 3779 1213 3821 ea
1252 3761 1547 3838 supplioet
1589 3762 1738 3822 ordo
1779 3762 2100 3839 frequens:

634 3858 799 3934 Papa
839 3869 1035 3933 potest
1076 3858 1213 3930 salli,
1257 3869 1349 3918 set
1388 3859 1491 3936 qui
1534 3858 1697 3918 videt
1739 3860 2034 3931 interiora,

635 3955 748 4016 Est
786 3955 903 4015 hoc
944 3974 1053 4032 pro
1094 3954 1240 4014 lucri
1281 3957 1393 4016 scit
1433 3957 1527 4016 vel
1566 3973 1770 4016 amore
1809 3956 1926 4016 dei.

634 4053 867 4130 Lingua
906 4053 1056 4130 petit
1096 4071 1267 4112 curas
1307 4054 1524 4127 anime,
1569 4071 1741 4113 mens
1781 4054 2043 4130 postulat
2082 4071 2312 4126 aurum,

632 4151 787 4211 Bina
828 4150 1035 4227 sicque
1075 4168 1257 4208 manu
1300 4151 1535 4227 propria
1576 4161 1778 4210 nostra
1819 4151 2004 4228 rapit:

632 4249 1011 4308 Defraudans
1051 4247 1297 4320 animaS,
1342 4248 1475 4307 talis
1516 4249 1666 4324 rapit
1706 4249 1850 4308 inde
1890 4249 2162 4324 salutem,

633 4347 713 4406 Et
755 4364 934 4423 super
974 4347 1091 4406 hoc
1132 4356 1361 4406 nostras
1403 4347 1609 4407 tollere
1650 4357 1902 4424 temptat
1944 4365 2108 4424 opeS.

632 4445 777 4505 Non
818 4445 901 4505 ita
942 4443 1292 4505 Franciscus
1334 4445 1531 4522 peciit,
1575 4455 1664 4507 set
1703 4446 1935 4524 singula
1975 4447 2254 4524 linquens

2563 485 2674 544 191

2580 633 2681 699 890

2577 1626 2679 1679 900

2579 2607 2678 2660 910

2570 3585 2672 3639 9²0
