3434 5142
1178 471 1462 536 LIBER
1523 470 1886 537 PRIMUS
2555 488 2636 551 57

593 637 773 696 Tunc
812 652 923 695 sua
961 634 1182 711 cuique
1222 633 1441 694 domus
1482 632 1714 693 homini
1756 631 1991 693 funesta
2029 631 2283 704 videtur,

597 733 656 792 N
660 750 731 792 ec
772 733 882 793 fuit
920 750 959 792 a
999 732 1207 791 mortis
1246 732 1443 792 vloere
1482 739 1679 791 certus
1720 731 1922 791 bomo.

679 831 757 890 In
800 830 989 890 nimio
1028 829 1203 889 tinxit
1242 830 1431 890 elatos
1472 828 1763 905 sanguine
1803 828 2042 899 cultrOS‚

598 929 763 988 Dum
802 946 911 989 sua
950 929 1159 988 ruralis
1199 926 1453 987 rusticus
1491 944 1657 985 arma
1696 926 1882 1003 gerit:

596 1028 843 1087 Parcere
884 1044 999 1087 nec
1040 1026 1237 1103 pueris
1277 1024 1406 1085 vult
1446 1024 1665 1100 impius
1704 1032 1811 1083 aut
1850 1023 2104 1095 mulieri,

594 1126 806 1185 Vastat
844 1136 1197 1185 cunctorum
1240 1142 1351 1193 τες,
1393 1124 1543 1194 looe,
1592 1124 1734 1194 iura,
1775 1123 1986 1182 forum.

598 1222 799 1282 Nemo
841 1231 1041 1299 potest
1079 1222 1319 1282 veniam
1360 1220 1477 1280 sub
1516 1238 1589 1280 ω
1630 1219 1860 1280 feritate
1901 1220 2134 1291 mereri,

597 1321 869 1397 Impetus
910 1320 1143 1380 illorum
1184 1319 1391 1379 terruit
1429 1335 1613 1379 omne
1652 1317 1886 1379 solum:

596 1416 813 1478 Omnis
852 1417 1016 1477 enim
1057 1417 1217 1495 vulgi
1257 1415 1431 1475 furiis.
1461 1426 1607 1474 tunc
1646 1414 1823 1475 turba
1863 1412 2120 1488 fauebat,

597 1515 656 1574 N
658 1532 729 1575 ec
770 1514 880 1574 suit
920 1515 1214 1592 ingenuus
1252 1532 1407 1573 vnus
1446 1522 1510 1572 vt
1548 1510 1750 1573 obstet
1788 1512 1915 1572 eis:
2506 1520 2637 1571 1260

597 1611 739 1671 Non
783 1612 895 1671 suit
934 1612 997 1671 in
1038 1620 1169 1671 toto
1206 1610 1441 1689 gladius
1481 1611 1577 1670 vel
1618 1611 1827 1669 lancea
1869 1626 2052 1687 regno

596 1708 807 1768 Militis
846 1709 909 1768 in
951 1708 1249 1780 manibuS‚
1289 1726 1415 1785 quo
1453 1716 1689 1768 tueatur
1729 1724 1916 1783 opus:

597 1806 763 1865 Dum
804 1806 966 1865 furor
1006 1806 1310 1877 excrescit,
1352 1805 1502 1865 dum
1542 1805 1762 1865 rustica
1800 1803 1978 1864 turba
2017 1804 2311 1875 tumescit,

596 1903 777 1963 Miles
818 1913 881 1963 vt
920 1900 1237 1979 ambiguus
1278 1903 1347 1963 fit
1387 1902 1575 1979 magis
1616 1902 1764 1961 inde
1804 1902 1956 1978 pius.

597 2001 857 2061 Milicies
898 2001 1075 2061 cessit
1114 2000 1481 2078 paciensque
1523 2000 1724 2060 locum
1767 1998 1936 2059 dedit
1977 1998 2078 2072 ire,

598 2100 767 2174 Dum·
804 2099 941 2160 terit
981 2097 1331 2176 improbitas
1372 2115 1493 2176 que
1532 2096 1845 2174 probitatis
1885 2105 2090 2157 erant:

595 2196 871 2274 Occupat
910 2215 988 2257 en
1030 2198 1185 2257 talus
1225 2198 1359 2258 loca
1397 2195 1615 2269 cordiS,
1660 2196 1804 2255 iuris
1844 2205 1904 2257 et
1944 2212 2124 2265 error,

595 2295 728 2355 Nec
768 2294 1040 2355 medicus
1080 2293 1296 2355 morbo
1336 2294 1471 2371 quis
1513 2293 1810 2370 reputauit
1849 2310 2049 2370 opem.
2175 2372 2182 2379 ¹

593 2392 692 2452 Sic
734 2410 933 2469 neque
974 2391 1267 2452 nobilium
1310 2401 1545 2452 scutum
1587 2390 1683 2452 vel
1724 2391 1933 2451 lancea
1971 2390 2294 2468 quicquam

594 2489 863 2563 Obstitit,
904 2491 1065 2551 vnde
1104 2502 1275 2551 vetus
1315 2490 1665 2551 fortificetur
1704 2491 1937 2564 bonor3
2509 2506 2638 2562 1270

592 2588 901 2666 Cassaque
938 2589 1173 2649 iusticia
1210 2598 1422 2662 cessat,
1464 2606 1577 2649 nec
1618 2588 1818 2649 cordis
1857 2588 2070 2665 agresti

592 2687 871 2764 Amplius
910 2687 1189 2749 indomiti
1230 2686 1437 2748 debita
1475 2687 1604 2747 iura
1642 2695 1824 2747 tenet.

674 2785 889 2863 Spacia
928 2786 1091 2845 nulla
1130 2785 1336 2846 sinunt
1374 2784 1776 2846 medicamina
1815 2783 1966 2845 ferre
2005 2783 2204 2857 furori,

594 2884 697 2944 Set
736 2884 875 2946 furit
916 2883 1173 2946 ebrietas
1212 2884 1402 2945 maior
1440 2884 1520 2943 ad
1561 2900 1746 2944 omne
1784 2884 2017 2945 scelus:

596 2982 738 3041 Hec
776 2982 935 3041 mala
973 2982 1269 3059 corripere
1308 2982 1414 3058 qui
1455 2980 1676 3041 vellent
1716 2998 1831 3041 nec
1873 2988 2211 3058 potuerunt,

599 3080 709 3139 Hii
751 3080 1021 3140 lacrimas
1061 3080 1246 3140 animi
1287 3080 1456 3158 signa
1495 3077 1720 3139 dedere
1759 3078 1886 3138 sui:

599 3178 871 3255 Quisque
913 3196 1051 3238 suas
1091 3179 1379 3255 lacrymas
1418 3177 1543 3237 alto
1583 3176 1663 3238 de
1703 3176 1888 3237 corde
1928 3176 2148 3253 petitas

598 3274 823 3346 Edidit,
866 3283 927 3335 et
968 3276 1153 3336 finem
1194 3284 1423 3352 spectat
1462 3274 1675 3335 adesse
1713 3289 1908 3333 suum.

598 3373 857 3433 Lumina
896 3391 1015 3451 que
1054 3374 1287 3435 fuerant
1326 3373 1489 3449 prius
1528 3370 1696 3431 arida
1735 3370 1972 3447 letaque
2011 3370 2150 3443 risu,

598 3470 937 3549 Erumpunt
970 3472 1211 3533 lacrime
1251 3489 1419 3533 more
1459 3470 1699 3531 fluentis
1740 3484 1938 3543 aque;
2508 3476 2639 3527 1280

597 3569 719 3645 Qui
761 3571 923 3647 prius
962 3589 1039 3631 ex
1078 3571 1259 3631 nullo.
1286 3586 1429 3629 casu
1469 3568 1695 3631 deflere
1736 3569 2026 3641 solebant,

593 3668 680 3727 Vt
718 3667 928 3729 flerent
967 3668 1177 3729 oculos
1216 3666 1487 3728 erudiere
1526 3684 1705 3729 suos:

598 3766 808 3828 Flebat
848 3784 999 3827 auus
1038 3764 1343 3842 flebatque
1382 3782 1549 3825 soror
1589 3764 1937 3842 flebantque
1975 3763 2232 3840 gemelli,

597 3865 737 3940 Que
776 3863 1020 3925 videant
1060 3863 1221 3923 oculi
1263 3862 1349 3923 nil
1390 3862 1504 3921 nisi
1544 3863 1712 3923 triste
1753 3862 1970 3923 ferunt.

593 3963 730 4021 Vox
770 3962 881 4021 fuit
923 3967 937 3991 ⁸
958 3961 1141 4021 Heu!
1182 3964 1293 4021 vel
1336 3978 1409 4022 ve
1430 3964 1445 4021 1
1463 3961 1477 3988 '
1518 3970 1677 4034 sunt,
1721 3959 2038 4037 prodolorl
2081 3958 2288 4019 omnia
2327 3958 2538 4029 luctus,

592 4059 819 4121 Omnia
858 4059 1093 4120 solliciti
1136 4060 1314 4136 plena
1353 4060 1583 4121 timoris
1624 4068 1830 4133 erant3

593 4156 811 4222 Omnis
851 4156 1083 4219 habens
1124 4157 1413 4230 lacrimam,
1460 4158 1648 4233 ‘Quis
1688 4174 1790 4215 me
1831 4164 2037 4216 manet
2076 4154 2344 4216 exitus?
2385 4154 2597 4231 inquit,

597 4254 853 4316 Nescius
893 4255 976 4316 ad
1014 4272 1194 4315 mane
1235 4272 1357 4332 que
1396 4252 1511 4315 sibi
1552 4272 1688 4315 sero
1727 4253 1897 4314 foret.

496 4387 629 4449 1269
659 4384 769 4449 vel]
792 4400 891 4435 nec
914 4385 958 4436 C
1139 4398 1265 4448 1⁹71
1301 4392 1471 4436 cazat
1487 4382 1816 4435 CEHDTH-
1881 4382 2036 4435 cessit
2053 4382 2143 4433 SG
2320 4396 2448 4445 1273
2481 4380 2636 4431 Nulla

423 4470 641 4515 sumunt
662 4463 841 4529 spacia
864 4462 915 4513 D
