3434 5142
875 460 1002 525 304
1583 438 1781 502 VOX
1838 436 2378 503 CLAMANTIS

1038 602 1136 661 Tu
1178 600 1287 661 tibi
1329 617 1496 677 spem
1539 616 1698 677 pone
1740 599 1893 660 sicut
1934 608 2170 677 oportet
2208 600 2347 676 agit

1037 701 1123 758 Vt
1160 698 1396 776 sapiens
1437 716 1654 775 speres,
1697 697 1809 758 tibi
1850 698 1924 757 sit
1963 706 2068 757 tua
2108 715 2247 773 spes
2287 696 2673 767 moderanda,

1040 780 1190 857 Eius
1231 796 1455 857 babent
1495 803 1705 855 sancto
1746 795 1911 855 frena
1950 795 2163 856 timore
2204 796 2345 872 regi.

1043 895 1186 955 Non
1228 894 1404 954 timor
1443 893 1706 966 excedat,
1751 910 1874 969 quo
1913 892 2260 969 desperacio
2300 902 2565 953 mentem

1040 993 1290 1066 Polluat,
1335 992 1522 1051 immo
1562 990 1746 1051 deum
1788 990 2005 1050 mentis
2043 1007 2248 1051 amore
2286 990 2467 1052 time:
2950 1014 3095 1064 κιρ-,ο

1039 1090 1173 1151 Nec
1213 1108 1352 1167 spes
1393 1099 1712 1166 presumat,
1757 1099 1847 1149 set
1884 1098 2047 1148 amet
2086 1088 2413 1148 commixta
2452 1088 2691 1164 timore,

1038 1188 1140 1250 Sic
1180 1189 1358 1247 timor
1396 1197 1487 1248 est
1527 1188 1710 1247 virtus
1752 1204 1889 1263 spes
1930 1197 1992 1247 et
2031 1195 2277 1262 vterque
2316 1186 2495 1246 salus.

1039 1288 1143 1348 Set
1184 1286 1534 1346 meditando
1575 1296 1779 1345 tamen
1818 1296 1923 1344 tua
1962 1301 2137 1346 mens
2176 1284 2254 1345 de
2296 1284 2417 1343 fine
2456 1302 2739 1359 remorsa,

1039 1384 1290 1460 Semper
1327 1402 1528 1443 amara
1567 1384 1787 1443 timens
1827 1391 2024 1459 speret
2064 1378 2283 1441 habere
2326 1382 2526 1447 bona:

1038 1482 1324 1542 Sanccius
1367 1491 1428 1541 vt
1469 1482 1651 1553 viniis,
1696 1498 2029 1541 memorare
2069 1480 2395 1540 nouissima
2436 1498 2689 1559 semper,

1043 1580 1283 1640 Ledunt
1323 1597 1462 1639 nam
1505 1578 1696 1637 iacula
1737 1578 1861 1638 visa
1900 1588 2146 1655 perante
2182 1578 2399 1637 minuS.

1041 1677 1304 1754 Respice
1345 1677 1582 1750 cotidie,
1626 1677 1833 1737 mortis
1874 1676 2017 1753 quia
2054 1686 2292 1753 tempus
2332 1676 2549 1737 adoese

1044 1776 1328 1849 Festinat,
1373 1792 1492 1853 que
1532 1774 1708 1835 simul
1751 1792 2033 1851 prospera
2072 1784 2289 1835 cuncta
2330 1784 2479 1835 ruet.

949 1978 1070 2035 I-Iic
1091 1980 1370 2049 loquitur
1392 1978 1558 2049 quod
1581 1981 1734 2035 sunt
1755 1978 1945 2034 modo
1970 1978 2175 2046 pauci,
2197 1976 2305 2045 qui
2328 1978 2441 2032 aut
2464 1978 2727 2046 propter
2748 1977 2867 2032 celi
2896 1976 3089 2033 affec·

879 2071 1014 2124 tum
1051 2069 1164 2122 aut
1203 2067 1490 2135 gehenne
1524 2069 1759 2122 metum
1794 2066 1979 2121 huius
2012 2066 2149 2121 vite
2183 2065 2627 2133 voluptatibus
2664 2065 3092 2133 renunciant3

881 2159 985 2211 set
1001 2169 1379 2225 quecumque
1397 2168 1548 2209 caro
1567 2153 1977 2223 concupiscit,
1995 2152 2165 2208 omni
2187 2152 2550 2222 postposita
2564 2152 2847 2219 racione,
2862 2152 3093 2207 arden·

883 2243 1019 2298 cius
1043 2242 1342 2312 perficere
1367 2245 1698 2298 conantur.

658 2364 859 2442 Capm.
887 2364 1000 2425 xxi.
1127 2364 1250 2440 Qui
1291 2362 1404 2424 sibi
1445 2380 1940 2436 commemorans,
1985 2372 2149 2439 puto,
2193 2361 2425 2439 singula
2464 2362 2755 2440 ponderat
2796 2380 2967 2439 eque,

1007 2544 1010 2546 Α
1042 2464 1280 2524 Senciet
1320 2480 1358 2521 a
1399 2463 1520 2524 fine
1558 2460 1777 2539 gaudia
1814 2478 1967 2524 vana
2008 2462 2173 2521 fore:
2952 2470 3092 2523 1160

1043 2562 1226 2621 Nunc
1265 2570 1469 2619 tamen
1509 2577 1546 2620 a
1586 2559 1753 2619 viciis
1794 2567 1885 2619 est
1926 2557 2179 2635 quilibet
2218 2558 2561 2632 infatuatus,

1042 2657 1229 2734 Quod
1270 2657 1349 2717 de
1391 2657 1512 2717 fine
1551 2674 1664 2717 suo
1704 2656 1802 2715 vix
1840 2666 2203 2716 memoratur
2242 2656 2445 2717 home.

1042 2756 1318 2833 Quisque
1357 2773 1534 2815 suum
1574 2772 1791 2831 corpus
1830 2754 1991 2824 colit,
2033 2764 2094 2815 et
2133 2754 2213 2815 de
2252 2756 2447 2814 oernis
2486 2772 2691 2815 amore

1045 2854 1301 2927 Gaudet,
1345 2862 1407 2913 et
1447 2862 1536 2912 est
1575 2852 1778 2912 anime
1816 2868 1997 2911 eausa
2035 2851 2239 2912 relicta
2278 2870 2429 2914 sue:

1042 2952 1250 3013 Gloria
1289 2969 1402 3010 nec
1443 2951 1555 3011 celi
1597 2960 1831 3011 mentes
1870 2967 2071 3027 neque
2109 2968 2265 3026 pena
2304 2950 2584 3027 gehenne

1042 3052 1102 3110 A
1142 3050 1352 3111 mundi
1395 3048 1532 3109 labe
1571 3049 1690 3109 iam
1732 3066 2012 3109 reuocare
2054 3058 2299 3125 queunt.

1042 3149 1142 3209 Sic
1181 3166 1338 3220 caro,
1383 3148 1470 3207 sic
1510 3147 1753 3220 demon,
1798 3144 1884 3205 sic
1924 3146 2185 3206 mundus
2226 3144 2447 3223 vbique
2488 3147 2811 3208 modernos

1045 3246 1286 3319 Deuiat,
1328 3256 1392 3306 vt
1433 3244 1612 3306 Cristi
1653 3244 1753 3305 vix
1793 3244 1939 3304 sciat
1978 3262 2131 3303 vnus
2174 3244 2321 3305 iter:

1044 3344 1154 3404 Est
1193 3360 1333 3403 caro
1374 3360 1493 3419 que
1535 3342 1775 3419 fragiliS,
1814 3342 2039 3402 demon
2079 3352 2368 3415 versutuS,
2415 3341 2615 3419 iniqus

1043 3440 1332 3513 MunduS,
1378 3440 1440 3499 in
1483 3440 1601 3499 boc
1641 3440 1954 3501 hominum
1996 3450 2268 3515 tempore
2308 3457 2488 3518 regna
2515 3440 2759 3503 colunt:
2954 3464 2975 3501 1
2990 3462 3091 3516 17⁰

1043 3540 1123 3599 Et
1163 3538 1251 3597 sic
1291 3537 1463 3598 bruta
1503 3537 1674 3615 quasi
1713 3538 1867 3614 perit
1902 3536 2163 3597 humane
2203 3538 2459 3598 racionis

1042 3635 1263 3710 Virtus,
1307 3636 1454 3697 dum
1495 3635 1714 3696 vicium
1756 3634 2019 3711 corporis
2058 3645 2193 3694 acta
2229 3635 2397 3711 regit.

1128 3734 1239 3793 Est
1278 3735 1464 3793 homo
1505 3750 1668 3793 nunc
1707 3733 1930 3792 animal
1970 3730 2185 3804 dicam,
2230 3743 2321 3793 set
2362 3752 2486 3793 non
2526 3732 2801 3807 racionis»,

1046 3833 1214 3892 Dum
1254 3832 1403 3891 viuit
1442 3828 1599 3891 bruti
1639 3829 2001 3891 condicione
2038 3830 2179 3907 pari.

1048 3926 1270 3989 Nescia
1309 3928 1594 4005 scripture
1637 3926 1881 3987 brutum
1922 3936 2133 3986 natura
2172 3924 2483 4003 gubernat,

1047 4024 1274 4087 Iudicis
1315 4025 1620 4085 arbitrium
1662 4044 1777 4085 nec
1816 4024 2070 4086 racionis
2110 4024 2331 4086 habet:

1048 4124 1162 4183 Est
1199 4123 1375 4201 igitur
1415 4122 1602 4185 brutis
1642 4124 1827 4184 bomo
1869 4124 2052 4200 peior,
2097 4123 2341 4200 quando
2380 4124 2653 4184 voluntas

1050 4223 1252 4282 Preter
1292 4230 1566 4283 naturam
1605 4223 1731 4283 sola
1770 4221 2061 4299 gubernat
2102 4240 2261 4281 eum.

1047 4319 1347 4397 CorporiS,
1392 4320 1548 4381 heu-1
1589 4319 1774 4383 virtus
1816 4338 1923 4397 per
1962 4319 2192 4397 singula
2231 4318 2503 4381 membra
2540 4320 2855 4381 revoluens

1760 4446 1883 4497 1151
1918 4433 2143 4485 comixta
2164 4432 2221 4485 H
