3434 5142
803 396 926 459 322

311 542 428 584 tans
461 534 785 597 inquietauit‚
811 534 931 584 Ric-

311 600 934 650 ardumComitemArun·

311 666 462 715 dellie
486 666 768 729 quidicitur
777 666 932 728 Equs,

312 732 666 782 fraudulenter
710 731 928 792 decepit.

315 798 437 847 Erat
463 797 598 845 enim
622 804 746 845 tunc
775 797 935 845 frater

313 864 436 911 dicti
453 862 669 912 Comitis
691 862 928 923 Thomas,

312 928 698 977 Cantuariensis
737 928 934 977 archie-

311 992 573 1057 piscopus,
599 994 678 1043 cui
711 1008 806 1041 rex
835 992 932 1043 sub

311 1060 602 1108 iuramento
632 1058 785 1107 fidem
819 1074 934 1121 pre·

310 1125 460 1185 stitit,
491 1124 645 1187 quod,
683 1124 728 1172 si
763 1124 933 1173 dictus

311 1189 500 1239 Comes
540 1190 604 1239 ad
659 1190 740 1239 sui
795 1190 933 1251 regis

313 1256 634 1317 presenciam
680 1254 931 1303 obediens

314 1326 505 1383 sponte
543 1320 762 1381 veniret,
803 1320 935 1369 liber

313 1392 508 1435 extunc
586 1386 777 1449 ubsque
851 1400 934 1434 ca-

318 1452 567 1515 lumpnia,
625 1452 932 1513 vbicumque

316 1518 537 1566 transire
592 1518 765 1579 vellet,
817 1532 930 1565 cum

312 1583 462 1631 firma
511 1582 652 1645 regis
705 1581 936 1631 amicicia

313 1648 620 1697 fiducialiter
663 1662 933 1711 permane-

313 1719 416 1763 rett
444 1714 934 1775 etsicvenienspro·

311 1778 408 1827 bus
422 1778 611 1827 Comes
627 1780 691 1828 ab
703 1779 935 1840 improbo

312 1859 439 1907 rege
461 1844 730 1905 decipitur.

378 1934 615 1996 Qualiter
692 1934 932 1995 Thomas,

312 1999 416 2049 alio
481 1999 688 2049 nomine
754 1999 936 2061 Vrsus,

315 2077 439 2115 tunc
463 2065 652 2115 Comes
683 2066 750 2114 de
781 2064 935 2115 War-

313 2131 452 2193 wyk‚
481 2146 514 2179 a
534 2132 672 2193 regis
705 2131 934 2180 satelliti-

313 2196 410 2245 bus
438 2196 724 2246 Londoniis
754 2202 932 2259 captus

316 2269 369 2311 et
393 2262 446 2310 in
471 2277 730 2311 carcerem
745 2262 934 2311 missus

315 2328 540 2377 inmunis
559 2328 710 2389 culpe
719 2328 931 2390 paciens

313 2392 594 2442 succubuit.
647 2392 818 2455 Super
829 2408 936 2455 quo

312 2472 462 2507 suum
545 2458 932 2519 parliamentum

314 2525 452 2585 apud
522 2520 932 2573 westmonaste-

314 2588 444 2637 rium
476 2588 530 2637 in
561 2590 798 2651 proximo
819 2604 932 2652 pro-

313 2653 662 2703 nunciandum
723 2668 816 2702 rex
866 2654 932 2703 ti-

314 2734 510 2769 rannus
531 2720 779 2769 decreuit.

376 2808 617 2870 Qualiter
629 2810 934 2873 pronuncia·

311 2880 368 2925 to
423 2876 765 2939 parliamento
817 2884 935 2926 octo

314 2953 438 2990 tunc
463 2940 792 3004 appellantes
812 2958 934 2992 con·

315 3014 394 3056 tra
427 3008 594 3056 dictos
625 3014 736 3057 tres
755 3023 935 3070 proce-

313 3086 404 3121 res
412 3074 479 3121 ad
495 3088 672 3121 eorum
688 3074 938 3135 perdicio—

315 3154 434 3187 nem
463 3138 831 3201 promptissimi
862 3138 940 3187 in-

316 3202 626 3263 terfuerunt,
642 3211 697 3253 et
708 3205 828 3266 quia
845 3219 940 3253 rex

315 3275 529 3329 propter
549 3276 742 3317 metum
767 3269 940 3332 populi

315 3335 499 3381 ducem
541 3332 825 3383 Glouernie
859 3350 942 3383 co·

313 3413 424 3447 ram
443 3413 506 3447 eo
520 3400 862 3460 personaliter
885 3400 939 3449 in

314 3466 651 3525 parliamento
675 3480 938 3527 compare-

315 3544 372 3578 re
394 3527 570 3592 noluit,
597 3529 772 3578 subtili
794 3545 938 3579 men·

315 3594 463 3643 dacio
510 3594 662 3644 finxit
712 3610 830 3645 eum
882 3595 935 3645 in

315 3660 450 3709 lecto
481 3666 734 3708 mortuum
756 3660 932 3723 fuisse,

315 3726 404 3786 qui
455 3724 625 3774 adhuc
670 3734 937 3789 superstes

314 3790 371 3838 in
393 3804 603 3840 carcere
625 3791 818 3841 Calisie
839 3793 937 3843 sub

317 3856 465 3905 clauc
520 3856 792 3905 tenebatur
813 3872 830 3917 ς
883 3865 939 3908 et

315 3919 392 3969 sic
434 3922 618 3970 ducem
671 3922 940 3973 absentem

318 3986 512 4047 absque
595 3988 939 4049 responsione

316 4066 410 4100 rex
433 4052 646 4113 pestifer
667 4051 940 4103 falsissime

316 4118 730 4180 condempnauit.

382 4206 940 4273 Qualiterrexssumip·

319 4286 374 4321 se
399 4276 580 4325 ducem
610 4282 936 4337 prenotatam

992 4360 1060 4421 56
1083 4360 1284 4425 margin
1305 4358 1567 4409 Arundetr
1587 4360 1761 4421 MSS„
1784 4360 1896 4411 and
1910 4378 1969 4412 so
1990 4362 2127 4425 later,
2158 4376 2269 4426 119,
2294 4364 2409 4425 236,
2432 4366 2528 4413 &c-

1535 373 1957 439 CRONICA
1998 373 2577 438 TRIPERTITA

1031 562 1042 573 ·
1121 534 1378 598 Caucius
1419 535 1481 597 in
1503 547 1725 598 mente
1764 536 2063 615 conspirat
2102 537 2311 598 fraude
2349 538 2589 597 latente.

1121 634 1430 696 Periurans
1473 634 1735 697 Cristum
1777 632 2079 697 Comitem
2120 632 2207 695 sic
2246 632 2471 711 decipit
2509 631 2727 693 istum:

1122 734 1260 810 Ipse
1300 732 1453 793 libro
1491 744 1654 793 tacto
1692 732 1863 806 iurat,
1906 732 2297 809 firmanteque
2336 742 2517 808 pacto

1120 829 1397 890 Promisit
1437 842 1598 891 certe
1639 850 1758 908 que
1798 831 1983 891 fidem
2022 827 2275 889 donauit
2312 838 2532 906 aperte,

1121 927 1345 989 Dicens
1385 931 1552 1007 quod
1593 940 1757 989 tutus
1798 930 1963 988 nulla
2000 928 2081 989 de
2121 928 2329 988 fraude
2368 928 2606 986 volutus

1123 1024 1302 1087 Liber
1341 1026 1627 1099 transiret,
1671 1028 1753 1088 ad
1792 1044 1933 1087 eum
1974 1025 2025 1086 si
2066 1025 2311 1103 quando
2351 1022 2593 1085 veniret.

1121 1124 1263 1183 Hoc
1305 1122 1702 1184 iuramentum
1742 1124 1918 1184 frater
1959 1120 2214 1184 Comitis
2254 1130 2671 1181 manutentum

1122 1219 1348 1281 Prima-s
1385 1222 1620 1282 feruore
1659 1220 1811 1298 regis
1852 1219 2111 1299 suscepit
2152 1219 2231 1279 ab
2272 1236 2415 1278 ore:

1121 1320 1325 1378 Presul
1367 1321 1518 1379 letus
1559 1329 1699 1390 erat,
1744 1318 1859 1378 sub
1899 1316 2003 1379 tali
2038 1318 2241 1378 federe
2280 1325 2493 1392 sperat,
2524 1370 2681 1431 'bri
2703 1378 2723 1407 f
2744 1340 2803 1399 Λα

1121 1417 1200 1477 Et
1241 1414 1328 1475 sic
1367 1414 1614 1477 cautelis
1656 1427 1867 1493 captus
1906 1415 2019 1475 fuit
2058 1414 2161 1475 ille
2200 1408 2442 1475 fidelis.‘

1203 1514 1389 1573 Vrsus
1429 1525 1494 1572 vt
1526 1512 1775 1588 audiuit,
1818 1532 1945 1573 non
1984 1532 2125 1591 ergo
2166 1521 2429 1573 remotus
2468 1508 2703 1584 abiuit3

1121 1610 1372 1689 Signans
1413 1631 1478 1671 se
1520 1611 1718 1673 Cristo
1760 1622 2025 1672 mentem
2066 1608 2349 1670 stabiliuit
2390 1606 2455 1667 in
2494 1606 2647 1668 isto:

1121 1710 1266 1769 Non
1305 1708 1448 1769 facit
1487 1728 1767 1769 excursus
1806 1706 2049 1786 paciens
2090 1726 2209 1786 que
2247 1704 2547 1785 piissimus
2588 1706 2793 1778 VrsuS‚

1122 1807 1225 1866 Set
1265 1805 1452 1885 magis
1491 1805 1748 1867 attendit
1788 1808 1947 1866 mala
1984 1825 2104 1883 que
2144 1806 2382 1865 fortuna
2420 1802 2728 1881 rependit:

1123 1902 1454 1965 Londoniis
1495 1904 1731 1977 mansit,
1774 1924 1889 1965 nec
1928 1903 2007 1965 ab
2046 1901 2207 1964 vrbis
2246 1899 2489 1963 cardine
2528 1898 2753 1973 transit,

1123 2002 1266 2078 Quo
1304 2001 1637 2080 captiuatus
1676 2002 1790 2063 fuit
1829 2001 1929 2063 hic
1969 2002 2097 2062 sine
2118 2000 2285 2087 Q
2311 2010 2525 2061 reatus.

1122 2097 1220 2160 Sic
1259 2109 1376 2159 tres
1417 2120 1670 2177 persone
1709 2100 1769 2159 vi
1811 2112 1901 2161 set
1940 2120 2067 2160 non
2106 2098 2233 2159 iure
2273 2116 2497 2159 corone

1120 2196 1470 2259 Carceribus
1511 2197 1705 2259 stricti·
1736 2208 2048 2259 remanent
2085 2200 2248 2257 velut
2286 2196 2497 2255 vmbra
2534 2193 2738 2255 relicti.

1120 2293 1352 2356 Celsius
1391 2294 1456 2356 in
1497 2316 1727 2359 seanno
1766 2306 1910 2356 tunc
1950 2294 2137 2356 creuit
2178 2313 2405 2372 pompa
2442 2293 2695 2365 tirannO,
2791 2343 2805 2355 .

1119 2390 1286 2453 Nulli
1327 2393 1626 2471 pascebat,
1671 2392 1786 2453 sibi
1826 2394 1976 2454 dum
2017 2394 2255 2453 fortuna
2292 2390 2575 2452 fauebat:

1119 2488 1248 2550 Stat
1287 2492 1480 2551 scelus
1522 2502 1829 2551 extentum
1870 2488 2075 2551 statuit
2115 2508 2239 2567 quo
2280 2488 2755 2569 parliamentum,

1119 2587 1203 2646 Vt
1243 2585 1319 2645 sit
1359 2586 1552 2649 finalis
1595 2586 1681 2647 sic
1723 2587 1877 2648 vlcio
1918 2585 2227 2648 iudicialis,

1201 2685 1376 2744 Tunc
1415 2686 1785 2765 appellantes
1826 2686 2058 2746 fuerant
2096 2696 2237 2745 octo
2278 2682 2675 2755 dominantes,

1123 2778 1245 2855 Qui
1285 2790 1402 2841 tres
1441 2783 1781 2861 appellant,-
1804 2793 1869 2840 vt
1908 2801 2011 2843 eos
2052 2802 2091 2843 a
2128 2784 2263 2842 luce
2304 2783 2605 2862 repellant.

1123 2879 1198 2951 O,
1244 2878 1378 2958 quis
1419 2899 1668 2957 pensare
1707 2890 1911 2959 posset
1952 2880 2099 2959 quin
2139 2883 2306 2941 fleret
2345 2899 2563 2953 amare,

1125 2978 1288 3037 Dum
1329 2979 1522 3038 scelus
1563 2980 1843 3056 explorat,
1886 2998 1993 3057 per
2032 2980 2197 3056 quod
2240 2976 2425 3055 magis
2466 2976 2687 3054 Anglia
2720 2977 2913 3055 plorat
2935 2979 2964 3035 Ρ

1125 3076 1286 3137 Ecce
1328 3074 1457 3136 dies
1497 3075 1704 3136 mortis
1744 3077 2009 3148 aderant,
2052 3096 2175 3155 qua
2212 3094 2437 3155 pompa
2475 3074 2737 3135 cohortis

1127 3173 1355 3251 Regem
1396 3192 1759 3253 pomposum
1800 3174 2003 3235 statuit
2044 3172 2229 3251 magis
2272 3193 2403 3233 esse
2442 3174 2739 3234 dolosum.

1130 3272 1246 3331 Pro
1287 3270 1437 3349 regis
1478 3284 1645 3352 parte
1685 3271 1889 3332 subtili
1929 3270 2169 3349 fingitur
2208 3282 2348 3343 arte,

1128 3368 1386 3447 Cignum
1427 3381 1552 3430 tam
1591 3389 1808 3448 purum
1849 3369 1978 3430 sine
2017 3388 2305 3448 responso
2345 3368 2732 3430 moriturum:

1125 3466 1282 3528 Cum
1323 3466 1511 3545 magis
1553 3487 1826 3546 expresse
1864 3488 1966 3531 rex
2002 3467 2176 3529 nouit
2214 3488 2355 3529 eum
2393 3486 2721 3545 superesse,

1123 3563 1320 3625 Finxit
1358 3585 1500 3625 eum
1540 3567 1698 3625 lecto
1740 3564 2019 3627 transisse
2058 3566 2173 3627 sub
2212 3566 2425 3627 ordine
2464 3576 2644 3627 recte.

1122 3661 1221 3723 Sic
1263 3682 1386 3725 non
1427 3662 1676 3724 inuento
1718 3662 1932 3741 Cign0,
1976 3662 2061 3723 nil
2102 3663 2493 3742 parliamento

1124 3760 1241 3818 Pro
1282 3778 1348 3820 se
1386 3758 1710 3837 respondit,
1756 3777 1937 3836 quem
1980 3780 2081 3820 rex
2122 3760 2235 3820 sub
2276 3763 2447 3821 claue
2486 3758 2797 3821 recondit:

1125 3856 1285 3918 Cum
1325 3876 1450 3917 non
1489 3868 1749 3936 apparet,
1794 3869 1857 3918 vt
1896 3877 1963 3919 se
2002 3859 2081 3919 de
2120 3859 2251 3935 lege
2288 3857 2537 3930 iuuaret,

1127 3956 1316 4015 Hunc
1355 3956 1875 4033 condempnarunt
1914 3954 2131 4029 subito,
2175 3974 2358 4033 quem
2398 3967 2535 4035 post
2574 3954 2919 4034 spoliarunt.

1126 4051 1184 4113 O
1224 4054 1416 4113 scelus
1457 4048 1686 4125 inferni,
1730 4064 2011 4132 poterunt
2050 4072 2173 4131 quo
2213 4054 2355 4114 flere
2396 4052 2685 4127 moderni,

1126 4149 1224 4209 De
1264 4148 1466 4227 iugulo
1508 4149 1684 4228 Cigni
1726 4152 1893 4229 quod
1928 4150 2289 4212 constituere
2331 4149 2609 4229 maligni!

1126 4245 1380 4307 Occulte
1419 4259 1675 4324 querunt
1717 4250 1884 4326 quod
1922 4259 2125 4325 aperte
2164 4268 2289 4309 non
2330 4258 2671 4326 potuerunt,
2766 4270 2777 4281 ·

3106 2986 3173 3033 80

3102 3982 3173 4032 90

2728 4374 2790 4425 75
2813 4368 3049 4411 statuunt
3072 4360 3127 4411 H
