3434 5142
1568 441 1768 505 VOX
1825 438 2368 505 CLAMANTIS

1028 602 1297 679 Extirpat
1337 601 1547 678 regnis,
1592 601 1695 661 dat
1737 601 2009 673 flammis,
2055 599 2454 677 depopulatur

1030 701 1259 776 Lingua
1300 699 1503 771 duceS,
1548 698 1748 776 lingua
1789 698 2012 776 predia,
2057 699 2256 774 lingua
2297 697 2550 758 domos:

1026 797 1257 874 Lingua
1297 798 1641 856 maritorum
1684 816 1872 857 nexus
1914 795 2220 868 dissoluet,
2265 805 2325 856 et
2365 813 2553 854 vnum

1027 896 1213 970 Quod
1254 896 1403 956 deus
1444 895 1713 967 instituit,
1759 895 1939 955 efficit
1979 913 2110 954 esse
2151 894 2318 968 du03

1026 995 1160 1054 Lite
1200 994 1525 1071 fugantque
1566 995 1722 1053 viros
1765 1005 1966 1070 nupte,
2013 1003 2350 1069 nuptasque
2391 991 2600 1063 mariti,

1025 1093 1222 1168 Inque
1262 1092 1487 1150 malum
1530 1091 1738 1151 dicunt
1779 1110 1870 1152 res
1913 1091 2028 1151 sibi
2069 1109 2312 1167 semper.
2343 1090 2454 1167 agi.

1024 1189 1305 1266 Corporis
1347 1190 1556 1266 exigua
1596 1209 1732 1266 pars
1775 1190 1920 1248 nulli
1961 1207 2204 1266 parcere
2245 1189 2434 1262 nouit,

1024 1288 1225 1346 Fallax
1267 1298 1327 1346 et
1367 1287 1555 1346 facilis
1598 1288 1808 1364 fasque
1849 1288 2201 1365 nephasque
2241 1287 2444 1364 loqui:

1024 1386 1409 1444 Fer-mentum
1453 1385 1760 1444 modicum
1803 1395 1998 1446 totum
2039 1384 2364 1460 corrumpit
2403 1401 2726 1458 aceruum;

1025 1484 1338 1541 Exacuens
1380 1493 1645 1542 mentem
1687 1484 1920 1560 singula
1961 1481 2231 1543 membra
2274 1492 2500 1542 mouet.

1025 1581 1165 1639 Non
1208 1581 1391 1639 nichil
1434 1591 1523 1640 est
1560 1580 1732 1657 quod
1775 1599 1910 1641 eam
1952 1580 2175 1656 duplex
2215 1579 2492 1640 custodia
2533 1589 2747 1652 seruat,

1024 1678 1122 1738 Ne
1162 1678 1307 1738 fluat
1348 1677 1409 1736 in
1449 1677 1646 1738 verbis
1688 1678 2024 1755 impetuosa
2065 1678 2225 1738 suis:

1024 1773 1325 1835 Dentibus
1366 1775 1657 1836 obstruxit
1696 1777 1960 1853 prudens
2001 1786 2211 1836 natura
2251 1776 2532 1852 palatum,

1020 1875 1105 1933 Vt
1146 1874 1401 1933 claustro
1444 1873 1709 1934 residens
1752 1873 1953 1932 clausa
1993 1874 2166 1933 silere
2206 1885 2428 1950 queat3

1020 1972 1184 2034 Talis
1226 1989 1360 2031 eam
1401 1983 1603 2032 custos
1644 1971 1900 2032 stimulis
1940 1972 2188 2049 castigat
2227 1971 2434 2042 acutis,

1019 2071 1103 2129 Vt
1146 2069 1327 2130 nichil
1368 2068 1617 2147 abrupte
1660 2089 1900 2147 queque
1942 2070 2190 2130 licenter
2227 2079 2398 2146 agat:

1022 2167 1293 2226 Exterius
1338 2167 1511 2226 datur
1550 2168 1697 2227 alter
1738 2169 1792 2228 ei
1834 2179 2039 2228 custos
2080 2165 2394 2239 labiorum,

1018 2265 1103 2322 Vt
1144 2264 1367 2341 duplex
1407 2264 1631 2342 duplici
1673 2266 1852 2325 ianua
1891 2266 2132 2326 claudat
2173 2265 2316 2326 iter:

1020 2360 1247 2422 Osseus
1286 2363 1438 2422 ordo
1479 2363 1637 2439 prior
1678 2381 1956 2424 excessus
1997 2363 2249 2440 corrigit,
2293 2363 2442 2422 alter

1020 2458 1290 2519 Carneus
1332 2469 1391 2519 et
1432 2460 1711 2521 madidus
1753 2461 1932 2552 mjcia
1973 2460 2157 2522 verba
2199 2462 2358 2522 facit.

1022 2557 1159 2617 Hos
1198 2567 1403 2617 tamen
1445 2559 1701 2635 erumpit
1740 2558 1939 2618 aditus
1981 2559 2348 2636 quandoque
2389 2558 2654 2630 latenter,

1021 2656 1100 2714 Et
1141 2657 1257 2714 ruit
1297 2656 1359 2714 in
1400 2655 1581 2716 verba
1623 2674 1744 2734 que
1783 2674 2065 2718 reuocare
2105 2656 2348 2735 nequit:

1022 2753 1291 2829 Impetus
1333 2753 1511 2813 huius
1552 2752 1736 2814 habet
1775 2773 1972 2814 rerum
2013 2755 2358 2814 discrimina
2399 2753 2583 2826 mille,

1020 2849 1161 2924 Que
1200 2850 1361 2910 velut
1401 2850 1554 2927 ignis
1596 2851 1750 2911 edax
1789 2870 2070 2930 prospera
2113 2870 2351 2929 queque
2391 2859 2615 2911 vorant.

1101 2947 1319 3008 Dicere
1358 2949 1463 3026 qui
1502 2948 1722 3025 poterit
1762 2958 1911 3026 quot
1953 2951 2014 3008 in
2057 2949 2261 3010 ethere
2300 2949 2528 3010 lumina
2567 2947 2788 3021 lucent,

1020 3046 1330 3122 Paruaque
1371 3055 1519 3122 quot
1560 3047 1754 3106 siccus
1795 3064 2045 3123 corpora
2085 3047 2282 3123 puluis
2325 3045 2525 3120 habet,

1018 3143 1135 3202 Vix
1176 3143 1317 3204 satis
1358 3153 1449 3204 est
1490 3145 1727 3221 sapiens
1770 3145 1956 3204 homo
1998 3145 2129 3205 talis
2171 3153 2232 3204 vt
2275 3144 2478 3205 omnia
2519 3143 2678 3205 dicat

1018 3241 1260 3300 Semina
1298 3242 1575 3318 pestifera
1615 3260 1736 3320 que
1777 3243 1934 3302 mala
1973 3243 2174 3319 lingua
2215 3243 2369 3302 serit.

1019 3339 1218 3400 Nemo
1258 3340 1473 3400 referre
1512 3349 1711 3416 potest
1753 3342 1908 3400 mala
1948 3359 2068 3418 que
2108 3341 2415 3417 linguosus
2455 3341 2520 3398 in
2561 3338 2706 3400 vrbe

1019 3437 1288 3511 Parturit,
1334 3448 1394 3497 et
1434 3437 1622 3514 duplo
1663 3447 1952 3514 prouocat
1993 3457 2098 3499 ore
2138 3438 2330 3498 dolos.

1018 3536 1144 3596 Res
1186 3537 1343 3595 mala
1384 3536 1585 3614 lingua
1624 3537 1860 3613 loquax,
1906 3555 1998 3596 res
2039 3537 2222 3614 peior,
2266 3536 2528 3614 pessima
2568 3555 2660 3596 res
2703 3546 2810 3608 est,

1017 3633 1157 3709 Que
1196 3634 1472 3711 quamuis
1514 3644 1709 3694 careat
1750 3633 2002 3708 ossibus,
2050 3653 2188 3694 ossa
2232 3635 2406 3695 terit:

1017 3731 1162 3792 Non
1203 3733 1371 3792 locus
1413 3741 1502 3792 est
1544 3733 1707 3808 pacis
1749 3729 1849 3792 vbi
1891 3743 2096 3809 regnat
2137 3733 2339 3809 lingua
2379 3733 2687 3810 loquacis3

1017 3828 1141 3904 Qui
1183 3847 1296 3889 nec
1337 3828 1519 3889 habet
1559 3847 1790 3907 pacem,
1835 3849 1958 3890 non
2000 3829 2182 3890 habet
2223 3831 2352 3907 ipse
2393 3830 2613 3891 deum:

1019 3925 1141 4001 Qui
1184 3927 1313 3987 sine
1352 3945 1502 4005 pace
1542 3927 1640 3988 dei
1682 3927 2000 4001 discordat,
2047 3928 2269 3989 habere
2309 3929 2564 3989 salutem

1016 4024 1159 4084 Non
1201 4027 1370 4099 valet,
1418 4037 1507 4086 est
1548 4035 1609 4086 et
1650 4044 1804 4102 opus
1843 4024 2074 4104 absque
2116 4028 2308 4087 salute
2349 4027 2570 4088 nichil:

1016 4121 1218 4183 Omne
1257 4123 1428 4200 quod
1468 4123 1727 4201 adquirit
1769 4122 1882 4184 sibi
1923 4143 2054 4202 pax,
2099 4124 2398 4185 discordia
2437 4125 2609 4200 tollit,

1018 4219 1326 4297 Quicquid
1366 4233 1427 4281 et
1469 4221 1583 4281 ista
1623 4222 1832 4282 leuans
1874 4223 2060 4299 erigit,
2104 4223 2206 4282 illa
2248 4222 2379 4283 ruit.

1016 4317 1127 4376 Est
1166 4315 1268 4378 vbi
1309 4329 1514 4395 regnat
1552 4338 1723 4379 amor
1764 4321 1950 4396 deus3
2005 4331 2095 4380 est
2136 4321 2239 4381 vbi
2281 4323 2478 4382 nullus
2521 4330 2770 4398 amator,

1020 4415 1251 4493 Dirigat
1290 4424 1353 4476 vt
1394 4434 1602 4477 causas
1644 4419 1836 4478 nescit
1875 4417 2087 4480 adesse
2128 4419 2316 4482 deus:

2965 1505 3070 1558 900

2967 2483 3071 2538 910

2955 3461 3059 3514 9²0
