3434 5142
1116 440 1204 506 LI
1217 436 1400 506 BER
1455 438 1929 509 SEPTIMUS
2496 466 2615 527 291

539 612 544 619 ·
588 602 825 679 Nempe
865 620 1079 679 parens-
1117 618 1314 665 rerum
1353 604 1488 664 celo
1525 603 1807 665 dimissus
1846 602 1925 664 ab
1964 604 2087 665 alto

586 700 686 760 Ad
728 709 830 760 tua
871 701 1248 761 descendens
1285 712 1376 762 est
1415 701 1524 762 tibi
1566 702 1759 762 factus
1800 702 2003 763 homo·
2102 728 2108 737 ·
2518 711 2620 778 690

589 797 732 857 Noli
771 807 833 858 te
873 816 1056 875 regno
1097 800 1324 876 peccati
1365 800 1638 874 subdere,
1682 798 1809 860 noli

585 896 724 969 Que
763 895 948 956 cicius
987 897 1223 975 fugiunt
1265 898 1376 957 ista
1415 898 1645 959 caduca
1686 898 1893 976 sequi:

583 992 686 1053 Set
725 1002 954 1071 satagas
995 995 1250 1055 humiles
1291 996 1494 1055 animo
1533 996 1955 1057 transcendere
1994 1003 2193 1069 tetras,

585 1090 859 1167 Desuper
898 1092 960 1150 in
1001 1090 1146 1152 celis
1185 1092 1375 1169 arripe
1413 1094 1580 1153 fortis
1621 1093 1748 1154 iter.

583 1188 683 1246 Tu
722 1189 772 1246 si
815 1207 1030 1266 magna
1071 1191 1239 1267 peti-s,
1284 1186 1434 1251 deus
1475 1202 1564 1251 est
1605 1206 1784 1268 super
1822 1190 2029 1251 omnia
2068 1204 2336 1267 magnus,

469 1320 476 1329 -
581 1284 646 1345 Si
686 1284 864 1360 bona,
909 1304 1090 1364 quam
1136 1288 1330 1348 bonus
1371 1299 1462 1349 est
1501 1289 1702 1351 dicere
1744 1304 1927 1349 nemo
1967 1298 2181 1365 potest.

583 1384 686 1445 Nil
725 1402 914 1462 genus
954 1396 1057 1446 aut
1097 1404 1271 1447 sexus
1313 1385 1439 1460 tibi,
1482 1388 1566 1446 nil
1606 1387 1702 1447 vel
1742 1396 2021 1463 comptus
2061 1386 2253 1446 inanis

582 1480 798 1543 Mortis
837 1484 916 1544 ad
956 1501 1230 1545 excessus
1271 1484 1534 1545 vtilitatis
1573 1482 1816 1545 habent.

583 1578 750 1655 Quid
791 1590 1130 1657 penetrasse
1169 1584 1334 1643 iuuat
1375 1584 1586 1644 studiis
1625 1584 1885 1643 archana
1926 1582 2256 1656 Platonem,

584 1676 932 1756 Natureque
969 1697 1110 1740 suos
1149 1681 1559 1758 composuisse
1599 1678 1781 1741 libros
1802 1681 1833 1739 ?
2522 1698 2620 1754 700

581 1774 734 1835 Solis
777 1776 886 1837 iter
923 1778 1158 1853 celique
1197 1778 1400 1855 plagas
1440 1780 1702 1855 luneque
1744 1786 1992 1850 meatuS,

581 1872 661 1931 Et
700 1892 848 1950 vaga
887 1875 983 1935 vel
1023 1892 1265 1936 summo
1302 1875 1495 1936 sidera
1536 1876 1652 1936 fixa
1691 1876 1853 1953 polo,

581 1970 896 2049 Multaque
936 1983 1130 2048 preter
1171 1990 1243 2032 ea
1284 1972 1424 2032 satis
1464 1972 1648 2033 ardua
1689 1981 1976 2046 uouerat3
2030 1981 2092 2030 et
2131 1986 2295 2029 nunc

584 2068 984 2146 Philosophus
1024 2072 1174 2130 cinis
1215 2080 1320 2143 est,
1365 2086 1590 2131 nomen
1632 2072 1813 2131 inane
1852 2070 2019 2147 perit.

582 2167 744 2225 Dum
790 2184 882 2227 res
925 2177 985 2228 et
1025 2186 1220 2229 rerum
1261 2186 1470 2229 causas
1509 2170 1761 2246 vestigat
1799 2168 2087 2245 YpocraS,
2173 2182 2183 2194 ’

582 2265 748 2323 Dum
789 2265 1130 2326 medicinali
1172 2284 1422 2343 corpora
1461 2276 1658 2326 seruat
1699 2282 1833 2343 ope,

580 2362 746 2422 Talis
787 2381 926 2423 eum
971 2374 1204 2441 poterat
1245 2366 1546 2442 sapiencia
1589 2366 1754 2424 nulla
1793 2363 2039 2438 mederi,

583 2458 752 2534 Quin
791 2462 1036 2522 medico
1073 2463 1279 2523 mortis
1320 2461 1416 2521 lex
1456 2460 1753 2523 subienda
1792 2460 1963 2523 foret.

582 2557 682 2619 Sic
721 2568 903 2636 patet,
949 2570 1038 2621 est
1080 2560 1342 2621 hominis
1384 2570 1595 2620 natura
1634 2560 1948 2638 potencior
1984 2568 2129 2632 arte,

581 2656 661 2716 Et
702 2656 818 2718 ruit
859 2658 921 2717 in
962 2668 1217 2719 mortem
1259 2676 1413 2736 quos
1454 2676 1562 2719 sua
1602 2674 1785 2719 causa
1824 2658 1990 2735 petit.
2524 2676 2620 2729 710

581 2754 691 2815 Est
731 2754 841 2816 tibi
883 2756 969 2816 nil
1008 2758 1222 2817 melius
1262 2757 1452 2835 igitur,
1497 2774 1680 2835 quam
1722 2755 2011 2833 prouidus
2052 2754 2215 2815 illam

526 2896 534 2904 .
580 2852 914 2930 Prospicias
954 2864 1225 2929 mortem,
1271 2870 1390 2932 que
1431 2855 1541 2915 tibi
1583 2856 1717 2915 finis
1760 2854 1887 2914 erit.

579 2949 830 3028 Semper
867 2950 1056 3012 iturus
1097 2954 1258 3027 ades,
1303 2952 1541 3013 accedis
1582 2953 1662 3013 ad
1701 2952 1909 3011 vltima
1948 2950 2086 3025 vite,

581 3047 639 3108 N
642 3066 714 3109 ec
753 3048 872 3109 scis
911 3067 1034 3127 quo
1075 3050 1212 3123 fine,
1256 3050 1504 3126 quando
1545 3050 1639 3109 vel
1680 3048 1830 3109 illud
1871 3048 2018 3108 erit:

581 3145 732 3207 Celo
772 3146 950 3223 longa
989 3147 1102 3220 via,
1147 3156 1490 3225 rectamque
1532 3146 1661 3207 dies
1701 3144 1813 3206 tibi
1852 3145 2068 3222 pauci3

578 3242 803 3304 Tardat
843 3243 955 3302 iter
993 3244 1204 3303 mundi
1245 3244 1350 3320 qui
1391 3243 1505 3303 sibi
1547 3243 1729 3303 sumit
1770 3258 1943 3303 onus.

488 3462 609 3519 Hic
656 3463 932 3531 loquitur
977 3462 1250 3531 qualiter
1295 3460 1506 3526 homn,
1552 3461 1658 3532 qui
1705 3460 1913 3517 minor
1957 3462 2226 3517 mundus
2280 3458 2526 3526 dicitur,
2576 3478 2616 3515 a

419 3551 650 3607 mundo
696 3552 1034 3606 secundum
1083 3564 1312 3619 corpus
1357 3550 1425 3605 in
1471 3553 1739 3605 mortem
1787 3550 2106 3614 transibit,
2158 3553 2225 3606 et
2271 3550 2437 3605 nient
2482 3550 2621 3619 ipse

419 3640 704 3709 corporis
758 3640 858 3694 sni
913 3642 1176 3709 peccato
1231 3638 1416 3694 huius
1470 3638 1684 3693 mnndi
1742 3638 2189 3708 comminuit,
2246 3638 2391 3693 dum
2436 3630 2620 3704 uiuit,

418 3728 649 3782 causat
672 3729 984 3790 euentum,
1007 3727 1102 3781 ita
1126 3726 1196 3781 in
1220 3738 1482 3795 corpore
1504 3728 1757 3781 mortuo
1788 3728 2017 3796 postea
2036 3724 2389 3793 putredini·
2410 3725 2617 3781 subire

417 3812 892 3883 corrupdonem
939 3816 1220 3881 cogetur.
1313 3812 1398 3869 Et
1449 3813 1650 3883 primo
1712 3812 1867 3869 dicit
1914 3813 1990 3867 de
2048 3812 2279 3867 mortui
2338 3811 2621 3881 corporis

417 3900 824 3971 corrupcione
849 3903 1188 3955 secundum
1211 3900 1600 3969 superbiam.

231 4024 429 4101 Capm.
460 4022 534 4084 ix.
661 4020 720 4083 O
761 4021 871 4081 tibi
914 4021 1062 4099 quid
1103 4022 1284 4092 diceS,
1329 4040 1467 4081 cum
1511 4035 1635 4082 non
1677 4032 1885 4081 mouet
1924 4038 2068 4081 aura
2107 4020 2371 4099 capillos,

559 4112 771 4180 ‘Arent
812 4128 872 4214 et
913 4120 1129 4193 fauces,
1173 4137 1288 4179 nec
1329 4121 1422 4179 via
1464 4120 1628 4179 vocis
1667 4118 1840 4192 inest,

577 4218 661 4277 Et
698 4218 863 4277 color
904 4216 967 4275 in
1007 4218 1174 4277 vultu
1217 4217 1350 4277 sine
1388 4215 1694 4293 sanguine,
1739 4217 1970 4277 lumina-
2006 4217 2211 4301 mestis

481 4356 796 4484 §rsgeffo
833 4360 1049 4419 peccato
1087 4350 1236 4403 131-11,
1317 4354 1492 4417 Regni
1527 4360 1745 4417 peccato
1782 4352 1832 4405 D
2032 4369 2125 4417 ‘107
2176 4370 2295 4404 eum
2342 4347 2621 4404 cI-:HDH-

418 4446 556 4483 enm
1685 4456 1690 4461 ·
2046 4458 2057 4467 ·

1466 4532 1576 4577 112
