3434 5142
1162 489 1446 554 LIBER
1506 490 1938 569 QUINTUS
2529 513 2646 556 221

608 652 820 712 Aufert
862 660 923 713 et
962 661 1143 714 terras
1185 653 1463 714 vendicat
1504 653 1631 730 ipsa
1672 671 1829 712 suas.

692 751 947 810 Vsuram
988 750 1271 811 dominus
1311 751 1583 811 defendit
1624 751 1758 828 lege
1798 750 2104 828 perhenni,

610 847 793 907 Vnde
834 847 973 906 satis
1014 847 1172 907 clase
1212 849 1428 924 scripta
1468 847 1722 925 legenda
1762 857 1984 925 patent.
2557 839 2655 926 520

612 945 837 1005 Nonne
876 945 1029 1005 foret
1069 945 1307 1023 sapiens
1348 945 1451 1023 qui
1491 954 1694 1023 posset
1737 963 1961 1022 ponere
1999 946 2227 1022 glosam

614 1043 805 1102 Hunc
844 1051 1052 1102 contra
1093 1053 1338 1116 textum,
1385 1061 1565 1121 quem
1607 1042 1778 1103 dedit
1818 1042 1948 1120 ipse
1988 1043 2182 1106 deus?

615 1141 760 1200 Hoc
800 1140 912 1200 scit
953 1150 1245 1202 mercator
1285 1141 1527 1200 instanti
1568 1150 1840 1222 tempore
1879 1140 2046 1214 ciuiS,

616 1238 742 1313 Qui
784 1237 999 1315 probat
1039 1257 1275 1299 vsuram
1318 1257 1495 1316 posse
1535 1239 1713 1299 licere
1756 1257 1963 1301 suam:

616 1335 841 1399 Omnia
881 1337 1046 1397 nuda
1087 1347 1309 1414 patent,
1355 1345 1714 1415 quapropter
1753 1334 2018 1397 vestibus
2059 1337 2250 1415 ipsam

618 1434 843 1508 Induit,
888 1443 953 1496 vt
992 1435 1134 1495 ficto
1174 1434 1337 1494 fallat
1378 1445 1585 1511 operta
1626 1434 1789 1494 dolo.

618 1532 716 1592 Sic
758 1533 903 1602 latet
941 1534 1137 1592 Vsure
1177 1534 1357 1593 facies
1400 1533 1639 1610 depicta
1679 1531 1883 1593 colore

618 1630 885 1705 FraudiS,
926 1640 991 1692 vt
1032 1631 1175 1691 hinc
1215 1641 1379 1691 extra
1419 1632 1625 1708 pulcra
1665 1640 1894 1709 pateret
1936 1649 2051 1707 ea3

615 1729 679 1789 Si
722 1737 925 1789 tamen
966 1728 1109 1789 inde
1148 1747 1337 1806 genus
1379 1729 1465 1790 sic
1505 1738 1695 1789 vertat
1737 1729 1945 1791 fraude
1985 1729 2250 1804 dolosuS,

616 1827 809 1888 Vsure
849 1827 1079 1904 species
1120 1836 1236 1887 stat
1275 1827 1439 1887 velut
1478 1828 1607 1905 ipsa
1646 1827 1827 1904 prius.
2522 1825 2529 1834 '
2563 1846 2664 1906 730

619 1924 842 1986 Nonne
882 1924 1065 1984 deum
1106 1924 1254 1985 fallit
1294 1925 1541 1984 cautelis
1582 1924 1819 1985 institor
1857 1925 2006 2002 ipse,

617 2023 789 2083 Talia
830 2022 977 2082 dum
1018 2021 1241 2082 scelera
1281 2023 1434 2082 celat
1475 2022 1537 2080 in
1577 2032 1703 2083 arte
1743 2023 1894 2082 sua?

620 2120 731 2180 Est
772 2120 923 2179 deus
962 2130 1066 2179 aut
1105 2137 1301 2192 cecuS,
1346 2119 1449 2196 qui
1492 2119 1722 2196 singula
1763 2119 1951 2180 cernit
1991 2117 2257 2196 vbique?

619 2219 817 2278 Vsure
858 2217 1124 2277 tunicam
1166 2217 1355 2277 cernit
1396 2226 1457 2276 et
1497 2216 1628 2276 odit
1669 2234 1826 2278 eam.

523 2423 871 2492 Postquam
894 2422 1057 2478 dixit
1080 2421 1158 2480 de
1180 2422 1474 2494 potencia
1504 2419 1730 2485 Vsure,
1753 2420 1884 2478 iam
1914 2422 1992 2478 de
2016 2421 2283 2479 Fraudis
2306 2423 2663 2482 subtilitate

455 2511 660 2568 dicere
707 2511 1000 2574 intendit,
1050 2526 1171 2580 que
1218 2510 1294 2568 de
1341 2511 1656 2567 communi
1702 2509 1972 2565 consilio
2021 2511 2206 2581 quasi
2252 2513 2542 2569 omnibus
2596 2517 2664 2568 et

454 2599 726 2668 singulis
756 2599 826 2654 in
856 2598 1120 2654 emendo
1155 2601 1219 2655 et
1249 2598 1584 2656 vendendo
1618 2613 1697 2654 ea
1728 2611 1850 2668 que
1882 2599 2035 2654 sunt
2065 2599 2320 2670 agenda
2358 2603 2662 2671 procurat
2743 2629 2767 2654 .

454 2689 523 2743 et
556 2686 871 2744 subtiliter
905 2686 1201 2758 disponit.

215 2809 421 2884 Capm.
452 2808 569 2868 xiii.
697 2809 821 2869 Ista
860 2827 1027 2870 soror
1066 2809 1268 2887 grauia
1307 2818 1489 2886 parat,
1532 2809 1717 2870 altera
1757 2817 1848 2869 set
1887 2808 2174 2886 grauiora,

622 2906 781 2966 Nam
822 2915 938 2966 stat
977 2907 1313 2966 communis
1354 2906 1636 2968 omnibus
1678 2907 1807 2984 ipsa
1848 2906 2030 2968 locis:

620 3005 763 3080 Quo
803 3013 1006 3064 tamen
1047 3007 1241 3064 Vsura
1283 3005 1471 3082 pergit
1513 3006 1701 3065 Fraus
1745 3005 1910 3065 vadit
1951 3015 2013 3066 et
2054 3005 2172 3080 illa,

620 3103 758 3161 Vna
796 3101 954 3161 viam
996 3103 1205 3180 querit,
1248 3103 1433 3162 altera
1471 3103 1736 3179 complet
1777 3121 1947 3179 opus,

619 3199 886 3259 Vrbibus
927 3202 1123 3260 Vsura
1160 3210 1391 3260 tanturn
1434 3211 1637 3261 manet
1677 3200 1794 3260 hiis
1835 3200 2060 3261 sociata

624 3299 901 3374 Quorum
940 3298 1251 3358 thesaurus
1294 3297 1484 3358 nescit
1525 3296 1747 3358 habere
1789 3316 1960 3375 pares
1982 3319 2001 3373 3
2572 3324 2668 3379 740

621 3396 725 3457 Set
767 3397 952 3456 Fraus
991 3396 1199 3456 ciuiles
1241 3405 1463 3473 perstat
1504 3397 1844 3455 communis
1884 3397 1964 3456 ad
2007 3415 2238 3470 omneS,

624 3495 902 3556 Consulit
944 3504 1004 3554 et
1043 3493 1274 3554 cunctis
1315 3491 1538 3554 viribus
1579 3494 1709 3570 ipsa
1751 3495 1911 3555 suis:

626 3591 799 3654 Clam
843 3611 949 3652 sua
990 3591 1145 3652 facta
1186 3592 1342 3664 facit,
1388 3610 1526 3651 nam
1571 3609 1753 3668 quern
1779 3592 1915 3668 plus
1957 3591 2181 3668 decipit
2222 3591 2364 3669 ipsa,

627 3690 767 3767 Ipse
809 3691 970 3766 prius
1012 3691 1192 3750 sentit
1231 3709 1413 3767 quam
1458 3689 1617 3748 videt
1660 3689 1805 3749 inde
1851 3690 2094 3750 malum.

709 3788 884 3848 Stans
924 3788 1065 3846 foris
1103 3797 1245 3848 ante
1284 3789 1441 3847 fores
1482 3787 1810 3865 proclamat
1853 3787 2037 3847 Fraus
2079 3787 2355 3848 iuuenilis

628 3886 865 3945 Merces
906 3885 1189 3959 diuersas,
1232 3885 1521 3962 quicquid
1565 3883 1788 3943 habere
1829 3884 1992 3944 velis,

628 3983 796 4059 Quot
836 3981 949 4042 celi
992 3982 1183 4058 stelle,
1221 3991 1312 4042 tot
1352 3983 1514 4043 dicet
1556 3981 1804 4042 nomina
1842 3999 2056 4055 rerum,

630 4081 834 4142 Huius
876 4090 937 4141 et
976 4080 1162 4155 istiuS‚
1207 4090 1267 4140 et
1308 4080 1485 4140 trahit
1524 4090 1707 4156 atque
1747 4087 1956 4138 vocat:

631 4178 805 4254 Quos
846 4177 1055 4255 nequit
1094 4195 1170 4237 ex
1208 4175 1421 4250 verbiS,
1466 4186 1656 4236 tractu
1698 4175 2004 4253 compellit
2044 4176 2210 4250 inire,

634 4278 651 4310 ⁶
670 4276 829 4350 Hic,’
869 4276 967 4350 ait,
1016 4280 1140 4335 ‘est
1180 4275 1347 4352 quod
1388 4293 1493 4334 vos
1535 4273 1794 4351 queritis,
1840 4291 1984 4334 ecce
2023 4275 2197 4336 veni.'
2571 4297 2670 4352 750

630 4374 729 4433 Sic
768 4373 1170 4451 apprenticius
1208 4370 1452 4451 plebem
1492 4372 1753 4433 clamore
1793 4371 2039 4446 reducit,

630 4472 733 4532 Ad
774 4481 999 4532 secreta
1042 4472 1165 4532 doli
1207 4469 1454 4549 quando
1494 4469 1773 4548 magister
1811 4469 2020 4532 adest:
