3434 5142
1130 521 1415 632 LimzR
1472 523 1836 594 SEXTUS
2457 549 2579 615 ψ

544 685 641 746 En
682 685 903 747 cecidit
944 682 1220 760 Babilon‚
1264 687 1483 747 cecidit
1525 701 1770 766 quoque
1810 687 2069 749 maxima
2108 684 2308 764 Troia,

542 784 862 861 Romaque
904 785 1333 862 mundipotens
1372 785 1469 844 vix
1509 795 1673 846 tenet
1714 785 1814 845 illa
1854 785 2073 847 locum.

622 881 840 944 Omnis
877 883 1061 944 habet
1102 882 1367 944 subitum
1410 884 1716 944 mundana
1756 885 2037 961 potencia
2073 883 2274 960 finem,

541 981 747 1057 Atque
786 981 926 1059 fuga
964 981 1142 1042 celeri
1184 981 1403 1042 deserit
1443 981 1571 1058 ipsa
1612 997 1788 1042 suos:
2477 1007 2582 1058 400

544 1079 750 1152 Iudex,
794 1097 936 1157 ergo
976 1079 1137 1153 time,
1184 1087 1433 1157 magnos
1474 1079 1577 1157 qui
1620 1079 1859 1141 scandis
1900 1080 2178 1154 honoreS',

541 1177 757 1255 Teque
796 1177 1043 1239 ruinoso
1084 1185 1239 1238 stare
1280 1185 1588 1239 memento
1628 1179 1787 1239 loco,

542 1273 745 1337 Omne
784 1275 953 1353 quod
992 1287 1085 1336 est
1124 1276 1337 1336 mundi
1378 1275 1487 1336 tibi
1529 1293 1735 1336 carum
1775 1275 2022 1337 transiet
2059 1289 2098 1337 a
2137 1285 2216 1350 te,

544 1373 743 1450 Inque
782 1374 903 1434 tuis
938 1375 1167 1434 meritis
1205 1373 1431 1434 iudicat
1470 1371 1599 1452 ipse
1640 1374 1834 1435 deust

545 1470 842 1548 Equaque
880 1471 975 1532 lex
1015 1472 1259 1532 domini·
1287 1481 1433 1531 tunc
1474 1471 1822 1557 quemodo
1861 1469 2054 1532 cernis
2096 1473 2318 1550 ineque

544 1569 877 1644 Discernet,
921 1587 1041 1647 que
1082 1569 1193 1630 tibi
1232 1570 1503 1648 pondera
1544 1570 1699 1630 iusta
1741 1569 1927 1631 dabit.

543 1666 705 1728 Cum
744 1676 805 1728 te
844 1666 1119 1728 terribilis
1158 1677 1398 1729 exactor
1438 1668 1653 1728 missus
1694 1667 1773 1728 ab
1814 1685 1976 1746 equo

546 1763 757 1825 Iudice
796 1765 1101 1843 sulphurei
1140 1775 1368 1844 merget
1408 1765 1471 1825 in
1511 1783 1649 1843 yma
1690 1763 1822 1840 laci,

546 1863 873 1924 Prodolor!
928 1863 1129 1924 infelix
1168 1873 1334 1936 tunc,
1376 1864 1653 1942 quamuis
1694 1881 1846 1935 set-0,
1890 1859 2145 1938 dolebis,
2268 1915 2274 1922 .

541 1960 791 2021 Talibus
832 1961 894 2020 in
933 1961 1095 2022 falsis
1136 1980 1306 2038 spem
1346 1963 1621 2039 posuisse
1656 1959 1874 2023 bonis:
2480 1983 2583 2036 410

543 2059 805 2119 Gemma
842 2059 939 2119 vel
977 2069 1286 2136 argentum
1328 2075 1442 2120 nec
1484 2059 1567 2120 ibi
1608 2059 1940 2120 descendet
1978 2069 2039 2120 et
2078 2071 2305 2134 aurum,

544 2155 678 2216 Nec
716 2156 933 2234 fragilis
976 2156 1187 2216 mundi
1227 2155 1413 2233 gloria
1454 2158 1619 2234 lapsa
1660 2156 1844 2219 breui.

544 2253 863 2315 Iudicibus
898 2253 1105 2332 populi
1146 2267 1369 2314 vanum
1408 2263 1611 2314 tamen
1654 2265 1745 2316 est
1787 2251 1954 2332 quod
1995 2253 2058 2315 in
2099 2256 2211 2316 ista

546 2352 802 2413 Materia
841 2352 1086 2431 scripsi3
1138 2351 1369 2430 perdita
1406 2349 1589 2412 verba
1630 2351 1774 2413 dedi
1800 2374 1816 2412 :

543 2451 685 2526 Que
723 2464 863 2510 nam
904 2450 1155 2523 iusticia,
1195 2465 1315 2528 que
1355 2450 1450 2511 vel
1488 2449 1566 2510 sit
1608 2449 1834 2511 Iudicis
1875 2467 2033 2529 equa

542 2548 858 2623 Condici0,
904 2566 1029 2609 non
1071 2558 1164 2609 est
1202 2558 1473 2626 tempore
1512 2549 1637 2608 visa
1678 2550 1905 2610 modo:

544 2647 913 2708 Iusticiarius
950 2655 1079 2720 est;
1136 2647 1253 2707 sub
1292 2647 1394 2706 tali
1436 2647 1683 2708 nomine
1726 2647 1888 2722 fauit,

546 2745 671 2820 Qui
711 2745 842 2806 sine
883 2745 1116 2806 iusticia
1158 2758 1383 2805 nomen
1424 2745 1605 2805 inane
1643 2745 1809 2823 gerit.

450 2939 573 2996 Hic
607 2941 889 3010 loquitur
920 2941 998 2998 de
1030 2953 1244 2998 errore
1279 2940 1757 3004 vicecomitum.
1791 2937 2200 3005 Bullinorum,
2231 2951 2486 2998 necnon
2521 2945 2589 2999 et

380 3029 451 3084 in
475 3029 707 3085 ausi-l·
739 3031 1105 3095 iuratorum,
1130 3029 1237 3099 qni
1272 3029 1507 3095 singuli
1543 3039 1703 3084 auro
1737 3030 2032 3085 conducti
2067 3029 2331 3084 diuitum
2363 3041 2594 3086 caum

380 3117 659 3173 iniustas
681 3120 1154 3187 supportantes,
1180 3131 1493 3186 paupere·
1518 3119 1758 3185 absque
1790 3117 2048 3172 iusticia
2078 3117 2590 3187 calumpnientur

382 3210 451 3262 et
472 3205 850 3275 opprimunt.

200 3327 403 3404 Capm.
433 3327 509 3387 vi.
635 3327 695 3388 N
696 3345 817 3386 unc
856 3327 1048 3387 eciam
1087 3317 1541 3385 vicecomitibus
1581 3322 1730 3402 quid
1771 3325 1972 3385 dicere
2010 3323 2303 3404 possum?

549 3424 864 3502 Numquid
906 3425 969 3484 in
1010 3423 1209 3484 assisis
1251 3421 1401 3482 dant
1441 3431 1808 3482 nocumenta
1847 3423 2034 3483 viris?
2487 3446 2589 3497 420

548 3523 757 3582 Macra
797 3523 865 3582 fit
906 3523 1021 3582 hec
1061 3539 1259 3594 eausa,
1303 3520 1383 3581 de
1424 3535 1545 3598 qua
1585 3520 1746 3598 viget
1785 3521 2000 3582 vnccio
2040 3513 2206 3582 nulla
2319 3517 2328 3550 ³

548 3620 877 3693 Distillans,
921 3629 985 3680 vt
1023 3620 1109 3679 eis
1150 3627 1329 3678 vncta
1368 3619 1446 3679 sit
1485 3617 1629 3680 inde
1672 3634 1930 3680 manus:

548 3719 727 3796 Legis
767 3719 831 3777 in
871 3718 1057 3778 assisa
1095 3716 1145 3777 si
1187 3717 1306 3777 sint
1345 3727 1450 3777 tua
1490 3715 1653 3778 dona
1692 3717 1896 3791 recisa,

549 3816 655 3876 Ius
694 3816 847 3893 perit
882 3826 943 3876 et
982 3831 1163 3875 causa
1202 3815 1493 3876 scinditur
1532 3815 1675 3876 inde
1714 3823 1861 3890 ωας

547 3913 611 3973 Si
654 3921 857 3972 tamen
896 3931 1127 3974 assessa
1155 3913 1285 3973 sint
1325 3931 1431 3991 pre
1470 3912 1754 3974 manibus
1791 3923 1894 3974 tua
1933 3912 2114 3986 dona,

546 4012 725 4071 Tunc
765 4021 939 4089 potes
978 4011 1179 4072 assisis
1219 4025 1455 4072 sumere
1495 4011 1659 4071 lucra
1698 4013 1836 4072 tuis.

628 4107 831 4186 thue
870 4106 1111 4182 bouem,
1156 4109 1358 4186 precio
1398 4109 1502 4185 qui
1544 4116 1659 4168 stat
1697 4108 2039 4168 conductus
2075 4117 2283 4183 aratro,

550 4203 651 4262 Sic
689 4201 799 4262 tibi
840 4202 1061 4262 iuratos
1103 4218 1353 4261 munere
1394 4201 1546 4261 ferre
1585 4201 1788 4261 vales:

551 4301 661 4360 Hii
703 4298 813 4360 tibi
854 4317 1086 4377 proque
1124 4299 1245 4360 tuis
1281 4298 1549 4360 vendent
1589 4297 1844 4376 periuria
1883 4299 2162 4374 nummis,

550 4397 650 4458 Sic
688 4417 899 4458 aurum
941 4397 1072 4462 iura
1108 4396 1292 4458 vincit
1332 4395 1395 4455 in
1434 4391 1583 4457 vrbe
1622 4413 1800 4458 mea:
2490 4421 2594 4473 430

888 4533 989 4584 405
1021 4535 1123 4584 que
1146 4525 1269 4569 tunc
1292 4519 1449 4569 modo
1475 4517 1521 4568 C
1716 4533 1818 4582 430
1850 4518 1976 4568 orbe
1998 4516 2090 4570 (ΞΕ

470 4601 613 4638 ευ*
1462 4618 1506 4662 R
