3434 5142
864 433 988 513 308
1563 430 1761 497 vox
1822 430 2365 499 cLAMANTls

1027 591 1270 672 Singula
1309 592 1530 655 fallacis
1571 592 1785 655 mundi
1824 593 2085 655 dulcedo
2126 592 2375 671 subegit,

1027 692 1156 753 Nos
1198 702 1399 753 tamen
1440 692 1767 754 inmundos
1807 692 2199 753 mundificare
2240 690 2463 771 nequit.

930 894 1068 949 Iam
1114 896 1181 949 in
1229 895 1355 951 fine
1398 895 1546 951 libri
1585 896 1863 965 loquitur
1907 896 2115 965 magis
2159 896 2229 950 in
2271 894 2539 963 speciali
2578 894 2654 951 de
2696 896 2909 964 patria
2946 896 3071 950 ma.

863 982 930 1036 in
968 998 1094 1050 qua
1129 988 1323 1039 natu·
1357 985 1586 1050 fuerat,
1627 985 1740 1040 vbi
1782 984 1964 1054 quasi
2012 984 2369 1053 plangendo
2418 984 2838 1052 conqueritur,
2874 986 3071 1053 quali·

863 1072 962 1124 ter
1014 1071 1289 1129 honores
1344 1076 1411 1128 et
1461 1072 1740 1128 virtutes
1792 1075 2043 1128 vetere-
2099 1087 2144 1127 a
2194 1071 2402 1126 variis
2460 1070 2689 1127 ibidem
2744 1073 3071 1127 erroribus

861 1161 1460 1227 superuenientibus,
1515 1163 1592 1215 vt
1647 1160 1892 1226 dicitur,
1942 1160 2021 1215 ad
2072 1174 2341 1231 precen-
2396 1159 2833 1229 multIpliciter
2890 1174 3065 1216 ener-

863 1248 1112 1303 uantur.

579 1360 774 1441 Capm.
803 1363 976 1429 xxiiii.
1102 1369 1346 1448 Singula
1385 1388 1504 1449 que
1545 1369 1827 1431 dominus
1870 1367 2071 1431 statuit
2112 1367 2225 1430 sibi
2268 1386 2449 1445 regna
2488 1386 2593 1446 per
2633 1367 2859 1442 orbem,

1027 1468 1166 1544 Que
1207 1470 1393 1545 magis
1435 1466 1498 1529 in
1541 1469 1721 1531 Cristi
1761 1470 2007 1530 nomine
2047 1468 2215 1545 signa
2252 1477 2480 1545 gerunt,
2932 1490 3067 1541 1290

999 1564 1247 1643 ⁴Dilige,
1289 1576 1380 1626 set
1420 1564 1716 1644 propriam
1760 1584 1938 1643 super
1976 1567 2181 1627 omnia
2220 1564 2404 1643 diligo
2443 1575 2677 1638 terram,

1027 1664 1102 1724 In
1145 1682 1264 1741 qua
1304 1662 1660 1741 principium
1703 1662 1870 1725 duxit
1910 1664 2075 1742 origo
2117 1682 2335 1725 meum.

1025 1760 1332 1839 Quicquid
1368 1772 1550 1839 agant
1588 1762 1703 1821 alie
1745 1772 1914 1836 terre,
1956 1781 2081 1822 non
2120 1758 2375 1821 subruor
2412 1758 2571 1835 inde,

1027 1861 1192 1920 Dum
1233 1871 1436 1919 tamen
1476 1858 1606 1937 ipse
1647 1860 1787 1920 foris
1828 1858 1973 1920 sisto
2013 1869 2277 1920 remotus
2319 1859 2444 1933 eis;

1026 1958 1221 2018 Patria
1260 1968 1350 2018 set
1383 1958 1674 2019 iuuenem
1715 1976 1837 2035 que
1876 1975 1977 2018 me
2016 1958 2278 2034 suscepit
2318 1958 2689 2034 alumpnum,

1023 2055 1298 2116 Partibus
1339 2054 1400 2115 in
1443 2058 1612 2117 cuius
1653 2074 1888 2134 semper
1926 2056 2151 2115 adhero
2192 2072 2460 2128 manenS,

1025 2156 1165 2215 Hec
1207 2156 1254 2214 si
1298 2153 1444 2231 quid
1487 2156 1721 2233 patitur,
1766 2172 1903 2215 mea
1941 2154 2169 2213 viscera
2210 2154 2678 2231 compaciuntur,

1028 2254 1160 2313 Nec
1199 2253 1328 2313 sine
1369 2271 1468 2313 me
1508 2252 1774 2330 dampna
1814 2252 1963 2313 ferre
2000 2249 2221 2311 valebit
2260 2268 2367 2313 ea:

1027 2338 1174 2411 Eius
1216 2351 1278 2409 in
1319 2350 1584 2412 aduersis
1623 2352 1704 2412 de
1745 2351 2013 2428 pondere
2052 2368 2187 2409 sum
2228 2347 2401 2426 quasi
2440 2367 2680 2425 versus3

1025 2447 1087 2509 Si
1129 2458 1366 2525 perstet,
1407 2458 1625 2525 persto,
1669 2449 1718 2508 si
1760 2449 1938 2508 cadat
1978 2446 2095 2521 illa,
2138 2448 2309 2508 cado.
2931 2470 3065 2521 1300

1025 2546 1164 2622 Que
1205 2546 1392 2624 magis
1432 2564 1572 2623 ergo
1611 2555 1860 2623 granant
1901 2545 2161 2622 presenti
2202 2555 2489 2622 tempore,
2532 2546 2746 2609 saltem

1021 2645 1104 2703 Vt
1145 2642 1354 2704 dicunt
1389 2642 1508 2717 alii,
1553 2641 1831 2703 scismata
1868 2643 2089 2720 plango
2130 2640 2329 2703 michi.

1100 2743 1239 2801 Vna
1281 2758 1418 2801 meo
1459 2759 1639 2801 sensu
1682 2757 1777 2800 res
1818 2750 1923 2815 est,
1970 2758 2089 2817 que
2132 2741 2391 2818 pessima
2430 2742 2663 2801 cunctis

1025 2837 1157 2898 Iam
1198 2837 1414 2916 poterit
1455 2838 1574 2898 dici
1617 2838 1752 2898 fons
1794 2848 1855 2899 et
1894 2836 2060 2916 origo
2102 2838 2262 2898 mali.

1023 2937 1203 2997 Heu!
1260 2937 1400 3014 quia
1441 2934 1673 2999 iusticia
1713 2937 1920 3014 procul
1963 2936 2221 2997 abcessit
2260 2935 2525 3015 fugitiua,
2628 2986 2661 3021 ο

1021 3034 1216 3096 Cessit
1257 3044 1316 3095 et
1357 3046 1448 3096 est
1485 3035 1628 3096 alibi
1670 3054 1787 3113 pax
1826 3036 2049 3096 sociata
2090 3034 2239 3095 sibi:

1021 3135 1158 3205 Pax,
1205 3151 1325 3210 que
1363 3133 1594 3194 iusticie
1633 3134 1866 3195 dudum
1908 3134 2059 3193 solet
2100 3132 2305 3191 oscula
2347 3133 2511 3206 ferre,

1019 3232 1205 3290 Nunc
1243 3231 1392 3307 fugit
1430 3250 1469 3291 a
1506 3242 1675 3305 terra,
1720 3232 1812 3291 ius
1854 3230 2004 3307 perit
2046 3247 2190 3290 ecce
2230 3228 2387 3308 quia.

1022 3330 1228 3388 Plures
1268 3330 1390 3389 iam
1429 3330 1612 3390 nocui
1651 3338 1898 3389 sumunt
1938 3327 2053 3389 sibi
2093 3347 2274 3406 regna
2314 3326 2593 3406 magistri,

1017 3425 1128 3489 Vis
1167 3424 1336 3487 iubet
1374 3436 1435 3487 et
1475 3427 1645 3499 velle,
1689 3427 1815 3487 iura
1857 3444 1970 3486 nec
2012 3426 2128 3486 vlla
2170 3427 2367 3489 videt:
2930 3450 3057 3501 1310

1018 3524 1078 3583 N
1080 3541 1200 3583 unc
1239 3521 1341 3583 vbi
1381 3542 1447 3583 se
1486 3522 1661 3584 vertit
1699 3542 1963 3601 magnaS,
2008 3524 2139 3584 sine
2179 3524 2307 3583 iure
2346 3534 2633 3602 sequntur

1021 3622 1228 3698 LegeS,
1272 3630 1363 3682 set
1402 3623 1658 3698 populus
1699 3622 1842 3682 inde
1882 3620 2107 3681 subibit
2147 3640 2342 3681 onus:

1019 3717 1286 3795 Corpore
1327 3718 1531 3796 sicque
1572 3736 1712 3779 meo
1756 3737 1876 3779 non
1920 3728 2153 3777 tantum
2196 3728 2491 3795 torqueor,
2536 3718 2722 3781 immo

1018 3817 1171 3877 Sunt
1211 3816 1396 3876 michi
1435 3833 1544 3892 pro
1586 3814 1838 3876 minimo
1879 3835 1971 3875 res
2013 3815 2233 3894 quibus
2273 3826 2400 3875 vtar
2440 3836 2571 3895 ego,

1098 3915 1240 3973 Non
1283 3924 1372 3975 est
1413 3914 1494 3974 de
1535 3914 1789 3974 modicis
1816 3914 1984 3991 quod
2024 3914 2381 3975 adulterium
2423 3916 2609 3976 modo
2650 3914 2796 3976 ledit
2812 3937 2834 3989 3

1017 4011 1157 4086 Que
1195 4028 1334 4071 caro
1376 4011 1650 4087 deposcit
1689 4012 1895 4071 omnia
1935 4029 2199 4088 namque
2238 4012 2439 4072 licent.

1018 4108 1093 4168 In
1135 4108 1302 4168 terris
1342 4109 1471 4168 aliis
1511 4109 1722 4169 Venus
1762 4120 1823 4171 et
1862 4109 1914 4168 si
1956 4109 2422 4185 predominetur,

1018 4205 1355 4265 Exsoluunt
1394 4208 1618 4267 meritis
1659 4207 1779 4266 hoc
1818 4207 2063 4267 aliunde
2104 4208 2265 4283 suis;

1018 4304 1129 4363 Est
1170 4301 1254 4362 ibi
1295 4320 1436 4365 nam
1477 4304 1670 4380 posita
1710 4305 1823 4378 lex,
1867 4322 1987 4383 que
2028 4305 2367 4365 communis
2408 4306 2489 4367 ad
2530 4324 2744 4369 omnes

1020 4400 1273 4475 Iudicat,
1318 4409 1378 4461 et
1417 4418 1627 4463 causas
1667 4402 1945 4463 terminat
1984 4399 2215 4481 absque
2255 4403 2435 4469 dolo:
2496 4397 2505 4407 ”
2928 4426 3061 4478 1320
