3434 5142
1098 489 1386 555 LIBER
1443 491 1953 559 SECUNDUS
2546 498 2633 576 89

581 650 690 710 Est
733 668 893 709 nunc
935 650 1147 711 subtus
1187 669 1276 725 ea,
1322 670 1488 711 nunc
1527 662 1588 713 et
1629 652 1690 713 in
1736 652 1883 714 orbe
1922 672 2117 731 supra.

286 702 339 743 ⁸³
397 700 552 771 '‘-
580 746 894 825 Regnabo,
938 765 1138 825 regne,
1183 748 1442 826 regnaui,
1487 767 1622 809 sum
1663 750 1795 810 sine
1835 768 2037 827 regno,

578 845 809 906 Omnes
851 846 937 905 sic
979 845 1240 907 breuiter
1279 846 1502 923 decipit
1541 846 1691 907 illud
1734 848 1860 908 iter.

581 942 854 1003 Motibus
898 944 1227 1005 innumeris
1268 945 1492 1004 variare
1531 954 1844 1005 momenta
1884 945 2135 1020 dierum,

583 1039 784 1101 Omne
826 1040 996 1118 quod
1037 1041 1356 1101 instituunt
1396 1039 1518 1100 sata
1559 1042 1750 1117 perire
1792 1042 2015 1103 sinunt.

580 1137 846 1212 Quando
871 1139 1050 1198 fauet
1091 1140 1328 1198 fortuna
1367 1156 1534 1213 caue,
1578 1150 1708 1199 rota
1750 1157 2013 1216 namque
2053 1141 2311 1202 rotunda

577 1236 790 1309 Vertit,
836 1246 897 1295 et
938 1236 1184 1295 inferius
1224 1254 1346 1313 que
1385 1236 1521 1296 tulit
1560 1236 1682 1297 alta
1722 1238 1975 1313 premit:
2530 1250 2627 1303 160

581 1332 752 1407 Quos
793 1342 968 1392 vocat
1009 1332 1165 1405 eicit,
1209 1332 1395 1409 erigit,
1437 1332 1654 1407 obruit,
1699 1334 1907 1393 omnia
1945 1335 2149 1409 voluit,

579 1428 732 1491 Esse
773 1448 950 1489 suum
993 1428 1300 1506 proprium
1343 1429 1621 1489 vendioet
1662 1430 1794 1508 ipsa
1834 1430 2066 1492 dolum.

580 1525 864 1586 Passibus
903 1526 1198 1603 ambiguis
1239 1526 1478 1587 fortuna
1517 1525 1797 1587 volubilis
1837 1538 2006 1601 errat,

580 1625 660 1683 Et
699 1635 904 1685 manet
945 1624 1008 1684 in
1049 1625 1216 1684 nullo
1255 1624 1560 1685 cotidiana
1599 1626 1775 1686 loco:

580 1722 676 1781 En
719 1724 913 1799 rapuit
955 1723 1385 1800 quodcumque
1425 1722 1594 1784 dedit
1635 1722 1873 1784 fortuna
1912 1721 2174 1799 beatum,

581 1820 677 1881 Fit
717 1839 918 1881 macer
958 1831 1018 1881 et
1060 1819 1262 1881 subito
1301 1821 1407 1898 qui
1450 1822 1637 1882 modo
1678 1839 1911 1881 crassus
1952 1834 2097 1883 erat.

578 1918 744 1978 Dum
785 1918 952 1977 iuuat
992 1927 1052 1978 et
1091 1918 1262 1977 vultu
1301 1918 1456 1978 ridet
1496 1917 1735 1979 fortuna
1774 1934 2003 1993 sereno,

584 2015 874 2091 Prospera
913 2023 1060 2075 tunc
1100 2024 1318 2075 cuncta
1357 2032 1538 2092 regna
1579 2025 1873 2093 sequntur
1912 2032 2098 2092 opes:

580 2109 738 2172 Cum
781 2112 930 2189 sugit
971 2112 1088 2186 illa,
1132 2112 1312 2172 simul
1351 2113 1602 2190 fugiunt,
1646 2130 1762 2173 nec
1802 2113 2069 2172 noscitur
2108 2113 2209 2173 ille

580 2208 938 2287 Agminibus
979 2211 1269 2270 comitum
1311 2212 1416 2289 qui
1459 2212 1644 2272 modo
1685 2210 1919 2270 cinctus
1961 2222 2101 2271 erat.
2530 2232 2627 2287 170

661 2308 962 2368 Monstrat
1004 2308 1066 2366 in
1107 2309 1395 2386 exemplis
1434 2308 1580 2368 anni
1619 2306 1912 2368 mutabile
1951 2316 2206 2384 tempus,

585 2404 786 2479 Quam
827 2404 1066 2465 fortuna
1107 2405 1231 2465 suis
1271 2414 1388 2465 stat
1427 2404 1712 2465 varianda
1752 2404 1970 2466 modis,

583 2501 725 2561 Non
765 2512 856 2561 est
897 2504 1134 2563 fortuna
1173 2503 1307 2563 talis
1347 2502 1494 2579 quin
1536 2502 1699 2561 fallat
1741 2502 1953 2576 amica,

580 2602 744 2660 Dum
787 2602 1037 2661 mentita
1077 2619 1186 2662 sue
1225 2602 1320 2661 lex
1362 2600 1508 2678 regit
1547 2610 1682 2660 acta
1723 2610 1871 2661 rote.

580 2697 720 2757 Hec
760 2706 889 2757 rota
929 2699 1214 2759 continue
1255 2716 1360 2775 per
1399 2698 1594 2775 girum
1634 2696 1714 2757 de
1756 2697 1999 2757 leuitate

576 2793 857 2867 Vertitur,
899 2804 961 2855 et
1001 2796 1168 2856 nullo
1208 2805 1478 2871 tempore
1519 2794 1634 2854 fixa
1673 2803 1918 2855 manet:

579 2893 720 2952 Hec
761 2902 891 2952 rota
931 2911 1214 2969 personas
1253 2893 1468 2953 mundi
1510 2910 1636 2953 non
1677 2893 1895 2969 excipit
1934 2892 2120 2967 vlla-⁰25

586 2989 726 3049 Hec
766 2998 896 3049 rota
935 2991 1196 3068 castigat,
1241 2990 1439 3063 soluit,
1483 2998 1546 3049 et
1585 3006 1771 3049 omne
1811 2989 1968 3066 ligat.

419 3100 455 3132 τε
578 3086 720 3146 Non
763 3088 924 3147 illam
965 3087 1155 3149 flectis
1196 3085 1492 3166 precibuS,
1536 3105 1662 3147 non
1705 3104 1956 3147 munere
1996 3085 2241 3161 mulces,

583 3183 726 3243 Non
767 3184 946 3243 nullis
984 3185 1244 3245 lacrimis
1283 3202 1467 3245 nemo
1507 3183 1782 3244 monebit
1822 3201 1993 3245 eam:
2529 3196 2627 3244 180

579 3281 722 3340 Non
763 3300 954 3356 sexus,
999 3301 1124 3343 non
1167 3282 1464 3355 condicio,
1509 3299 1634 3341 non
1675 3280 1828 3342 ordo
1869 3281 1963 3343 vel
2005 3291 2148 3355 etas,

578 3379 680 3439 Nil
721 3381 1026 3457 compellit
1066 3396 1202 3441 earn
1242 3399 1382 3441 cum
1423 3380 1646 3469 pietate
1687 3379 1828 3457 pati.

577 3477 745 3539 Ciuis
787 3488 848 3538 et
889 3480 1162 3556 agricola,
1208 3497 1324 3551 rex,
1370 3479 1642 3551 rusticus,
1685 3477 1861 3538 albus
1900 3486 1963 3537 et
2000 3486 2143 3550 ater,

577 3576 807 3635 Doctus
848 3585 910 3635 et
951 3576 1254 3653 insipiens,
1299 3575 1473 3635 diues
1513 3575 1813 3651 inopsque
1854 3573 2049 3647 simul,

576 3672 746 3732 Mitis
783 3683 845 3734 et
886 3673 1230 3749 impacienS,
1275 3673 1426 3749 pius,
1470 3681 1654 3745 atrox,
1699 3688 1865 3749 equS‚
1911 3670 2127 3747 iniqus,

576 3769 726 3829 Sunt
767 3769 832 3828 in
873 3769 1114 3845 iudicio,
1159 3770 1358 3831 iudice
1399 3778 1572 3842 sorte,
1619 3786 1808 3845 pares·

571 3866 712 3926 Hos
753 3867 985 3943 premit,
1030 3866 1143 3927 hos
1184 3866 1428 3939 releuat,
1474 3866 1636 3927 leuat
1676 3865 1791 3924 hos
1831 3874 1895 3924 vt
1933 3864 2013 3924 ad
2054 3882 2193 3942 yma
2234 3866 2514 3941 retrudat,

574 3961 1062 4039 Interutrumque
1103 3963 1259 4023 iocat
1299 3980 1454 4041 quos
1494 3961 1574 4023 ad
1613 3974 1933 4038 vtrumque
1973 3970 2188 4024 vocat:

575 4060 756 4120 Ludit
797 4070 857 4121 et
896 4061 1094 4121 illudit
1131 4060 1328 4135 rebus,
1374 4078 1512 4121 cum
1555 4058 1820 4121 lubricus
1861 4058 1985 4121 axis

575 4156 820 4217 Labitur
859 4166 922 4217 et
962 4176 1168 4218 secum
1210 4156 1438 4218 lubrica
1479 4174 1718 4234 queque
1758 4154 1919 4217 facit.
2524 4178 2624 4231 190

574 4255 712 4316 Hec
753 4264 883 4316 rota
923 4257 1194 4332 nugatrix
1235 4256 1322 4317 sic
1362 4256 1735 4334 girovagatur
1777 4254 1995 4315 eodem

573 4352 768 4429 Motu,
811 4371 891 4416 ne
929 4354 1120 4432 possit
1159 4352 1340 4415 rebus
1380 4355 1578 4415 inesse
1616 4354 1808 4433 quies·

1047 4474 1142 4525 168
1175 4481 1334 4527 cunta
1355 4474 1398 4526 C
1615 4488 1710 4539 17⁴
1742 4472 1875 4537 tegit
1896 4470 1989 4525 CB
