3434 5142
1134 509 1417 573 LIBER
1476 508 1946 588 QUARTUS

597 671 795 746 Auget
835 679 895 729 et
934 669 1273 729 accumulat
1314 669 1787 745 multiplicatque
1827 668 2000 729 dolos
2023 689 2042 742 3

600 767 890 844 Proponit
930 768 1079 840 lites,
1125 766 1277 826 rixas
1316 767 1594 828 accendit
1635 767 1696 825 in
1739 769 1905 840 iram,

601 865 850 926 Liuores
891 866 1073 925 nutrit
1114 865 1525 942 invidiamque
1566 864 1769 940 fouet3

600 963 855 1023 Vincula
897 963 1211 1040 disrumpit
1253 963 1432 1040 pacis,
1477 963 1712 1023 socialis
1753 963 1972 1023 amoris

601 1061 831 1121 Federa
872 1061 1193 1138 perturbat,
1238 1060 1641 1138 dissociatque
1682 1061 1903 1135 fidem3

602 1158 871 1236 Suggerit
912 1161 1225 1233 incestum,
1272 1158 1483 1219 suadet
1523 1159 1744 1219 violare
1785 1157 2094 1235 pudorem,

603 1256 849 1317 Soluere
889 1257 1251 1334 coniugium,
1296 1257 1735 1318 commaculare
1776 1257 2054 1331 thorum3

601 1355 963 1432 Vsurpando
1006 1356 1185 1415 fidem
1230 1356 1459 1415 vultum
1502 1355 1787 1414 mentitur
1827 1354 2164 1428 honestum,

603 1451 863 1512 Caucius
904 1462 968 1513 vt
1009 1453 1277 1513 fraudem
1320 1454 1537 1530 palleat
1578 1453 1707 1529 ipse
1747 1470 1933 1512 suam.

606 1549 679 1608 In
722 1549 1001 1628 dampnis
1041 1552 1257 1612 dandis
1297 1551 1621 1627 promissor
1660 1549 1882 1628 vbique
1923 1550 2136 1626 fidelis,

603 1648 883 1709 Comoda
924 1650 974 1709 si
1016 1649 1263 1723 dederit,
1309 1650 1473 1711 disce
1514 1647 1762 1711 subesse
1803 1649 2046 1710 dolum:

603 1744 729 1806 Sub
769 1765 971 1824 grossa
1012 1748 1149 1808 lana
1189 1749 1377 1808 linum
1419 1747 1637 1809 subtile
1676 1757 1926 1820 tenetur,

604 1844 963 1921 Simplicitas
1002 1846 1199 1906 vultus
1240 1846 1423 1906 corda
1462 1847 1673 1907 dolosa
1715 1847 1899 1924 tegit3

612 1941 845 2020 Lingua
886 1954 1182 2003 venenato
1223 1943 1369 2003 dum
1412 1943 1591 2003 verba
1634 1943 1922 2004 subornat
1964 1943 2024 2002 in
2068 1960 2187 2016 ore,

607 2039 919 2100 Mellificat
961 2041 1117 2101 virus
1157 2041 1397 2118 melque
1437 2059 1670 2102 venena
1710 2041 1866 2100 facit.

604 2138 688 2196 Vt
728 2136 842 2198 sub
881 2139 1165 2198 virtutum
1206 2139 1405 2216 specie
1445 2139 1625 2199 lateat
1664 2139 1953 2199 viciorum

604 2237 812 2309 Actus,
857 2244 918 2296 et
958 2246 1021 2295 vt
1063 2235 1247 2312 turpis
1288 2237 1487 2296 Simea
1527 2237 1631 2296 fiat
1671 2238 1894 2310 hom03

612 2334 753 2411 Ipse
792 2343 1031 2394 tumens
1074 2333 1359 2394 humilem
1404 2334 1687 2394 mentitur
1729 2352 1872 2412 sepe
1912 2334 2262 2412 professum,

608 2431 809 2506 Quem
852 2432 999 2509 fugit
1040 2432 1279 2491 occulto
1322 2432 1559 2508 spiritus
1600 2433 1700 2492 ille
1741 2431 1855 2493 dei.

610 2529 856 2590 Ordinis
898 2530 1028 2606 ipse
1070 2529 1218 2590 sacri
1260 2530 1552 2608 quicquid
1595 2530 1946 2592 Franciscus
1987 2531 2242 2592 honeste

607 2629 859 2688 Virtutis
900 2629 1119 2702 statuit,
1163 2629 1260 2687 hic
1302 2629 1515 2690 viciare
1557 2628 1794 2690 studet:

611 2726 846 2788 Cuncta
887 2728 1087 2787 colore
1127 2737 1329 2787 tamen
1372 2727 1580 2804 operit,
1623 2727 1895 2804 facieque
1935 2727 2154 2788 decora

608 2825 798 2898 Fallit,
843 2824 1111 2902 dumque
1153 2826 1337 2886 latent
1378 2826 1601 2886 viscera
1640 2826 1820 2902 plena
1859 2825 2019 2886 dolo.

693 2923 974 2983 Invenies
1016 2925 1301 3001 scriptum
1343 2923 1511 3002 quod
1551 2942 1781 3000 pennas
1823 2923 2044 2984 strueio
2085 2932 2274 3001 gestat

613 3021 871 3081 Herodii
912 3022 1125 3098 pennis
1167 3022 1590 3098 ancipitrisque
1632 3039 1838 3098 pares;

612 3120 716 3180 Set
757 3137 881 3180 non
923 3129 1045 3179 tam
1087 3120 1261 3180 celeri
1304 3120 1463 3195 viget
1504 3115 1631 3178 eius
1674 3137 1874 3196 penna
1913 3120 2134 3192 volatu,

610 3217 1079 3294 Ypocritamque
1120 3225 1305 3290 notat,
1350 3215 1453 3292 qui
1497 3215 1816 3276 similando
1850 3217 2026 3276 volat.

610 3317 811 3376 Aurea
850 3315 1006 3375 facta
1046 3315 1201 3374 foras
1242 3314 1509 3374 similans
1547 3313 1814 3390 ypocrita
1856 3311 2042 3392 fingit,

611 3415 714 3474 Set
756 3415 914 3474 mala
953 3431 1127 3472 mens
1169 3412 1329 3472 intus
1370 3409 1653 3489 plumbea
1692 3421 1834 3470 vota
1872 3412 2055 3488 gerit:

609 3511 763 3572 Sunt
803 3511 1026 3573 etenim
1068 3509 1238 3569 multi
1280 3510 1429 3569 tales
1471 3508 1573 3586 qui
1614 3508 1794 3569 verba
1834 3510 2118 3584 colorant,

614 3609 739 3686 Qui
779 3617 1032 3687 pascunt
1072 3625 1262 3681 aureS,
1307 3626 1483 3668 aurea
1527 3605 1709 3667 verba
1749 3616 1985 3681 sonant,

610 3706 827 3770 Verbis
866 3706 1273 3780 frondescunt,
1320 3716 1410 3766 set
1454 3723 1577 3765 non
1620 3714 1711 3766 est
1754 3706 1977 3766 fructus
2019 3706 2082 3764 in
2122 3713 2276 3778 actu,

612 3805 984 3883 Simplicium
1026 3815 1261 3865 mentes
1303 3804 1481 3865 dulce
1522 3804 1832 3882 loquendo
1873 3814 2158 3865 mouent:

613 3906 716 3965 Set
753 3905 1047 3982 templum
1088 3903 1320 3964 domini
1360 3904 1507 3964 tales
1548 3903 1824 3978 excludit,
1868 3900 2148 3964 abhorret

611 4001 951 4063 Verborum
992 4001 1280 4078 phaleras,
1322 4001 1503 4061 verba
1542 4001 1729 4078 polita
1767 4001 1933 4078 fugit.

612 4099 843 4176 Scripta
883 4109 1211 4176 poetarum,
1256 4117 1375 4175 que
1416 4115 1613 4158 sermo
1653 4099 1850 4175 pictus
1891 4098 2136 4171 inaurat,

613 4199 815 4257 Aurea
854 4196 1136 4258 dicuntur
1176 4196 1395 4272 lingua,
1442 4205 1531 4256 set
1574 4195 1673 4254 illa
1715 4213 1897 4256 caue:

613 4294 726 4354 Est
765 4293 1017 4370 simplex
1056 4292 1303 4353 verbum
1347 4292 1487 4352 fidei
1528 4291 1726 4353 bonus
1767 4292 1926 4354 vnde
1965 4302 2241 4368 meretur,

614 4393 719 4454 Set
759 4391 979 4469 duplex
1020 4391 1223 4452 animo
1264 4390 1529 4467 predicat
1568 4389 1797 4468 absque
1837 4391 1970 4452 deo,

1022 4518 1150 4566 1072
1181 4504 1357 4567 lingua
1382 4503 1499 4554 sn,
1562 4503 1723 4554 verba
1743 4503 2084 4556 CEHGDLT

1493 4605 1535 4650 o
1568 4609 1599 4648 2

2519 527 2635 588 195

2514 1083 2640 1134 1040

2515 2060 2642 2110 1050

2519 3029 2647 3078 1060

2522 4021 2651 4076 1070

2790 21 2807 28 -
2822 21 2838 26 α
2863 11 3237 30 -ι-μ--η--ι-μ-ὃῆ
3257 19 3271 24 -
