3434 5142
728 468 769 530 4
1522 446 1722 512 vox
1779 444 2320 511 cLAMAan

730 609 931 686 Capu.
961 608 1018 669 ii.
1065 609 1190 668 Hic
1227 609 1436 686 incipit
1462 608 1824 685 sompnium,
1855 608 1953 671 vbi
1993 610 2258 690 quodam
2293 608 2394 670 die
2423 609 2636 669 Martis
2663 608 2809 669 dicit
2847 626 2913 671 se
2949 610 3141 670 varias

1054 708 1215 785 vulgi
1244 716 1465 767 turmas
1501 706 1742 781 vidisse,
1781 725 2032 785 quarum
2072 708 2324 785 primam
2362 708 2424 766 in
2467 706 2919 768 similitudinem
2946 708 3140 769 asino-

1056 822 1187 863 rum
1216 804 1429 864 mutari
1457 801 1660 863 subito
1688 804 2121 880 speculabatur.

731 900 927 979 Capu.
959 899 1039 961 iii.
1084 900 1209 961 Hic
1237 899 1383 962 dicit
1420 918 1485 961 se
1512 918 1618 977 per
1645 901 1988 977 sompnium
2019 902 2326 980 quandam
2361 900 2523 979 vulgi
2559 908 2817 961 turmam
2856 901 2918 962 in
2945 899 3136 963 boues

1054 998 1275 1059 vidisse
1302 1007 1609 1058 mutatam.

732 1096 932 1173 Capm.
961 1094 1063 1155 iiii.
1107 1096 1233 1156 Hic
1259 1096 1405 1155 dicit
1432 1113 1499 1155 se
1526 1113 1632 1173 per
1647 1096 1992 1173 sompnium
2021 1096 2327 1175 quandam
2355 1094 2514 1173 vulgi
2541 1104 2800 1155 turmam
2833 1094 2894 1154 in
2923 1114 3136 1173 porcos

1054 1193 1274 1254 vidisse
1302 1202 1607 1255 mutatam.

732 1292 928 1368 Capm.
959 1309 1014 1351 v.
1057 1290 1181 1351 Hic
1218 1289 1363 1351 dicit
1399 1308 1466 1350 se
1502 1308 1607 1367 per
1643 1291 1986 1369 sompnium
2027 1290 2332 1369 quandam
2368 1291 2528 1369 vulgi
2559 1300 2817 1352 turmam
2859 1291 2920 1349 in
2957 1308 3139 1351 mnes

1055 1388 1275 1449 vidisse
1304 1396 1609 1447 mutatam.

733 1488 932 1565 Capm.
959 1487 1033 1547 vi.
1080 1486 1206 1546 Hic
1240 1486 1387 1546 dicit
1424 1503 1489 1546 se
1530 1504 1636 1563 per
1660 1487 2005 1564 sompnium
2047 1486 2350 1565 quandam
2380 1486 2539 1564 vulgi
2575 1495 2830 1546 turmam
2861 1484 2922 1543 in
2951 1502 3140 1544 mure-

1056 1584 1221 1661 legos
1262 1594 1321 1643 et
1362 1585 1570 1661 vulpes
1616 1584 1838 1645 vidisse
1883 1593 2212 1645 mutatam:
2269 1583 2414 1645 dicit
2455 1584 2788 1659 murelegos
2830 1593 2892 1642 vt
2933 1600 3140 1642 seruos

1052 1682 1453 1757 domesticos;
1505 1681 1651 1742 dicit
1705 1683 1931 1759 vulpeS,
1989 1682 2131 1760 quia
2187 1682 2343 1743 sures
2395 1682 2584 1761 ruptis
2637 1680 2863 1759 vbique
2907 1680 3138 1741 Gaiolis

1056 1778 1225 1840 liberi
1252 1788 1397 1839 tunc
1425 1794 1531 1839 eos
1559 1778 2016 1840 comitabantur.

734 1876 930 1955 Capfl’.
962 1877 1059 1937 vii.
1106 1878 1231 1937 Hic
1260 1877 1408 1937 dicit
1440 1894 1505 1937 se
1541 1894 1647 1953 per
1682 1878 2027 1954 sompnium
2061 1877 2365 1956 quandam
2403 1878 2560 1956 vulgi
2599 1886 2854 1937 turmam
2895 1876 2958 1935 in
2993 1892 3136 1936 aues

1054 1975 1415 2036 domesticas
1444 1975 1663 2036 vidisse
1686 1984 1996 2051 mutatam,
2020 1975 2242 2053 quibus
2268 1976 2416 2037 dicit
2443 1976 2641 2054 quod
2663 1972 2942 2035 bubones
2965 1972 3138 2052 quasi

1056 2072 1353 2149 predones
1380 2072 1687 2133 commixti
1712 2072 2182 2135 associebantur.

734 2170 932 2247 Capu.
962 2170 1083 2231 viii.
1126 2170 1251 2230 Hie
1304 2169 1451 2231 dicit
1504 2189 1571 2231 se
1624 2188 1732 2247 per
1785 2171 2128 2248 sompnium
2181 2171 2489 2250 quandam
2543 2170 2702 2248 vulgi
2754 2180 3013 2231 turmam
3075 2172 3136 2230 in

1056 2286 1293 2328 muscas
1321 2276 1380 2328 et
1406 2286 1580 2329 ranas
1606 2269 1828 2329 vidisse
1855 2279 2164 2330 mutatam.

734 2365 935 2442 Capm.
964 2365 1037 2425 ix.
1085 2366 1209 2425 Hic
1257 2366 1401 2427 dicit
1450 2383 1515 2426 se
1563 2383 1669 2443 per
1722 2367 2066 2443 sompnium
2122 2368 2341 2429 vidisse
2389 2367 2574 2445 quod,
2625 2367 2872 2446 quando
2925 2384 3138 2427 omnes

1056 2461 1323 2539 predicte
1348 2462 1499 2523 furie
1526 2462 1587 2521 in
1618 2481 1802 2523 vnum
1828 2464 2142 2524 extiterant
2170 2473 2542 2543 congregate,
2567 2464 2814 2542 quidam
2843 2463 3135 2524 Graculus

1056 2561 1203 2633 auis,
1248 2560 1501 2637 Anglice
1541 2560 1689 2637 Gay,
1735 2562 1839 2639 qui
1880 2561 2193 2639 vulgariter
2230 2572 2477 2623 vooetur
2519 2563 2730 2635 Watte,
2777 2560 3136 2639 presumpsit

1057 2656 1171 2717 sibi
1217 2668 1436 2718 statum
1484 2656 1788 2735 regiminis
1835 2658 2103 2733 aliorum,
2155 2669 2216 2721 et
2265 2660 2326 2718 in
2374 2659 2458 2721 rei
2503 2659 2748 2721 veritate
2795 2658 2894 2720 ille
2937 2659 3138 2719 Watte

1060 2756 1171 2815 fuit
1198 2755 1320 2816 dux
1346 2773 1575 2816 eorum.

734 2852 933 2930 Capu.
964 2872 1017 2913 x.
1065 2852 1189 2913 Hic
1228 2852 1376 2913 dicit
1417 2871 1483 2913 se
1530 2868 1636 2930 per
1682 2854 2028 2931 sompnium
2065 2854 2284 2917 vidisse
2331 2856 2641 2935 progenies
2684 2854 2917 2932 Chaym
2964 2853 3141 2914 male-

1057 2949 1249 3010 dictas
1295 2968 1413 3009 vna
1466 2968 1606 3009 cum
1656 2952 2040 3013 multitudine
2087 2970 2396 3015 seruorum
2445 2971 2636 3030 nuper
2681 2952 2865 3030 Regis
2909 2950 3138 3025 Vluxis,

1056 3064 1210 3123 quos
1239 3046 1443 3109 Circes
1472 3047 1535 3106 in
1564 3046 1784 3109 bestias
1811 3049 2080 3123 mutauit,
2110 3047 2276 3110 furiis
2303 3049 2656 3127 supradictis
2680 3049 2974 3110 associari.

736 3142 933 3221 Capm.
965 3144 1040 3205 xi.
1086 3144 1211 3205 Hic
1278 3143 1425 3205 dicit
1492 3145 1828 3207 secundum
1897 3148 2190 3207 visionem
2257 3147 2517 3225 sompnii
2591 3146 2842 3224 qualiter
2907 3144 3140 3207 audiuit

1060 3240 1307 3301 nomina
1348 3249 1409 3302 et
1450 3258 1659 3303 eorum
1700 3260 1880 3303 voces
1920 3244 2186 3305 diuersas
2227 3255 2288 3305 et
2328 3243 2654 3305 horribiles.
2743 3242 2906 3303 Dicit
2945 3242 3139 3303 eciam

1056 3337 1136 3399 de
1180 3337 1455 3399 Iohanne
1496 3338 1665 3400 Balle
1706 3339 2052 3417 presbiterO,
2098 3341 2202 3419 qui
2243 3359 2348 3403 eos
2387 3341 2469 3401 ad
2515 3358 2700 3402 omne
2744 3339 2936 3400 scelus
2977 3339 3143 3400 insti-

1054 3433 1251 3513 gabat,
1283 3445 1343 3495 et
1371 3436 1541 3513 quasi
1570 3436 1864 3514 propheta
1891 3437 2046 3499 inter
2071 3456 2176 3499 eos
2205 3438 2604 3516 reputabatur.

735 3532 937 3609 Capm.
962 3532 1060 3593 xii.
1106 3532 1231 3593 Hic
1267 3532 1415 3595 dicit
1454 3533 1790 3594 secundum
1831 3535 2123 3597 visionem
2165 3536 2424 3614 sompnii
2465 3534 2716 3614 qualiter
2751 3533 2900 3595 surie
2941 3552 3141 3611 supra-

1058 3628 1219 3690 dicte
1266 3646 1557 3707 precones
1604 3631 1717 3692 sibi
1767 3640 1828 3692 et
1878 3630 2149 3694 tribunos
2200 3631 2664 3707 constituebant,
2709 3642 2770 3693 et
2823 3631 3138 3709 quomodo

1058 3743 1232 3788 senes
1260 3737 1319 3787 et
1346 3728 1597 3789 iuuenes
1626 3746 1836 3789 eorum
1863 3729 2102 3791 fuerunt
2127 3731 2355 3792 armati.

738 3822 937 3900 Capm.
966 3824 1085 3884 xiii.
1126 3824 1251 3885 Hic
1291 3824 1437 3885 dicit
1478 3826 1812 3885 secundum
1854 3827 2145 3887 visionem
2187 3828 2448 3904 sompnii
2489 3826 2741 3905 qualiter
2787 3836 2848 3888 et
2889 3826 3138 3904 quando

1058 3918 1219 3981 dicte
1246 3920 1413 3995 furie,
1446 3922 1766 4001 instigante
1786 3922 2048 3998 diabole,
2069 3925 2309 3985 Nouam
2337 3925 2600 3999 Troiam,
2631 3925 2693 3986 id
2715 3934 2806 3985 est
2832 3923 3144 3985 ciuitatem

1060 4018 1527 4093 Londoniarum,
1560 4020 1822 4098 ingresse
1848 4032 2023 4085 sunt:
2077 4040 2220 4097 nam
2257 4023 2410 4084 sicut
2441 4024 2626 4083 Troia
2657 4040 2849 4101 nuper
2872 4021 3146 4083 desolata

1060 4115 1267 4188 extitit,
1327 4115 1409 4175 ita
1462 4116 1575 4177 ista
1629 4116 1862 4179 Ciuitas
1928 4128 2184 4195 protunc
2250 4120 2422 4198 quasi
2491 4120 2658 4181 omni
2725 4118 3144 4181 consolatione

1057 4212 1342 4273 destituta
1367 4230 1475 4289 pre
1501 4212 1709 4277 dolore
1737 4216 1974 4293 penitus
2004 4216 2401 4293 ignominiosa
2427 4216 2768 4293 permansit.

1028 4358 1096 4411 vi.
1123 4374 1156 4420 4
1189 4358 1563 4409 comitabantur
1586 4360 1629 4409 E
1694 4361 2072 4412 comitebantur
2093 4360 2229 4412 SCG
2293 4362 2752 4413 committebantur
2774 4362 2822 4412 D

1033 4436 1119 4487 vii.
1140 4450 1173 4501 3
1208 4436 1599 4487 associabuntur
1620 4438 1663 4487 E
1861 4438 1933 4490 ix.
1961 4454 1994 4502 3
2027 4438 2175 4503 Geay
2202 4440 2248 4489 D
2316 4440 2409 4503 lay
2435 4439 2478 4490 E
