<?xml version="1.0" encoding="UTF-8"?>
<!DOCTYPE html PUBLIC "-//W3C//DTD XHTML 1.0 Transitional//EN"
    "http://www.w3.org/TR/xhtml1/DTD/xhtml1-transitional.dtd">
<html xmlns="http://www.w3.org/1999/xhtml" xml:lang="en" lang="en">
 <head>
  <title>
</title>
<meta http-equiv="Content-Type" content="text/html;charset=utf-8" />
  <meta name='ocr-system' content='tesseract 3.04.00' />
  <meta name='ocr-capabilities' content='ocr_page ocr_carea ocr_par ocr_line ocrx_word'/>
</head>
<body>
  <div class='ocr_page' id='page_1' title='image "./completeworksjo01macagoog_0117.png"; bbox 0 0 3434 5142; ppageno 0'>
   <div class='ocr_carea' id='block_1_1' title="bbox 1156 470 2610 555">
    <p class='ocr_par' dir='ltr' id='par_1_1' title="bbox 1156 470 2610 555">
     <span class='ocr_line' id='line_1_1' title="bbox 1156 470 2610 555; baseline 0.003 -20"><span class='ocrx_word' id='word_1_1' title='bbox 1156 470 1441 535; x_wconf 81' lang='lat' dir='ltr'>LIBER</span> <span class='ocrx_word' id='word_1_2' title='bbox 1502 472 1866 539; x_wconf 87' lang='lat' dir='ltr'>PRIMUS</span> <span class='ocrx_word' id='word_1_3' title='bbox 2529 496 2610 555; x_wconf 92' lang='lat'><strong>27</strong></span> 
     </span>
    </p>
   </div>
   <div class='ocr_carea' id='block_1_2' title="bbox 558 631 2610 4531">
    <p class='ocr_par' dir='ltr' id='par_1_2' title="bbox 558 631 2610 4531">
     <span class='ocr_line' id='line_1_2' title="bbox 564 631 2050 711; baseline 0.003 -22"><span class='ocrx_word' id='word_1_4' title='bbox 564 633 649 692; x_wconf 89' lang='lat' dir='ltr'><strong>Vt</strong></span> <span class='ocrx_word' id='word_1_5' title='bbox 690 632 867 693; x_wconf 86' lang='lat' dir='ltr'><strong>flores</strong></span> <span class='ocrx_word' id='word_1_6' title='bbox 907 632 1167 709; x_wconf 85' lang='lat' dir='ltr'><strong>legerem</strong></span> <span class='ocrx_word' id='word_1_7' title='bbox 1208 650 1309 693; x_wconf 85' lang='lat' dir='ltr'><strong>me</strong></span> <span class='ocrx_word' id='word_1_8' title='bbox 1350 632 1576 709; x_wconf 86' lang='lat' dir='ltr'><strong>campis</strong></span> <span class='ocrx_word' id='word_1_9' title='bbox 1618 633 1701 693; x_wconf 92' lang='lat' dir='ltr'><strong>ire</strong></span> <span class='ocrx_word' id='word_1_10' title='bbox 1745 631 2050 711; x_wconf 82' lang='lat' dir='ltr'><strong>putabam,</strong></span> 
     </span>
     <span class='ocr_line' id='line_1_3' title="bbox 566 729 2170 808; baseline 0.002 -19"><span class='ocrx_word' id='word_1_11' title='bbox 566 729 831 805; x_wconf 86' lang='lat' dir='ltr'><strong>Quando</strong></span> <span class='ocrx_word' id='word_1_12' title='bbox 872 748 1043 789; x_wconf 85' lang='lat' dir='ltr'><strong>suam</strong></span> <span class='ocrx_word' id='word_1_13' title='bbox 1084 730 1384 808; x_wconf 79' lang='lat' dir='ltr'>propriam</span> <span class='ocrx_word' id='word_1_14' title='bbox 1428 731 1594 791; x_wconf 86' lang='lat' dir='ltr'><strong>Mars</strong></span> <span class='ocrx_word' id='word_1_15' title='bbox 1634 731 1780 791; x_wconf 90' lang='lat' dir='ltr'><strong>colit</strong></span> <span class='ocrx_word' id='word_1_16' title='bbox 1821 731 1948 808; x_wconf 87' lang='lat' dir='ltr'><strong>ipse</strong></span> <span class='ocrx_word' id='word_1_17' title='bbox 1989 732 2170 793; x_wconf 88' lang='lat' dir='ltr'><strong>diem.</strong></span> 
     </span>
     <span class='ocr_line' id='line_1_4' title="bbox 566 826 2194 905; baseline 0.002 -17"><span class='ocrx_word' id='word_1_18' title='bbox 566 828 697 889; x_wconf 90' lang='lat' dir='ltr'><strong>Nec</strong></span> <span class='ocrx_word' id='word_1_19' title='bbox 739 826 923 888; x_wconf 87' lang='lat' dir='ltr'><strong>michi</strong></span> <span class='ocrx_word' id='word_1_20' title='bbox 964 828 1145 905; x_wconf 83' lang='lat' dir='ltr'><strong>longa</strong></span> <span class='ocrx_word' id='word_1_21' title='bbox 1184 830 1281 889; x_wconf 76' lang='lat' dir='ltr'><strong>via</strong></span> <span class='ocrx_word' id='word_1_22' title='bbox 1322 828 1526 902; x_wconf 86' lang='lat' dir='ltr'><strong>suerat,</strong></span> <span class='ocrx_word' id='word_1_23' title='bbox 1572 829 1722 890; x_wconf 90' lang='lat' dir='ltr'><strong>dum</strong></span> <span class='ocrx_word' id='word_1_24' title='bbox 1763 829 2030 905; x_wconf 82' lang='lat' dir='ltr'><strong>proxima</strong></span> <span class='ocrx_word' id='word_1_25' title='bbox 2070 828 2194 891; x_wconf 84' lang='lat' dir='ltr'><strong>vidi</strong></span> 
     </span>
     <span class='ocr_line' id='line_1_5' title="bbox 567 924 2610 1002; baseline 0.001 -17"><span class='ocrx_word' id='word_1_26' title='bbox 567 924 1039 987; x_wconf 80' lang='lat' dir='ltr'><strong>Innumerabilia</strong></span> <span class='ocrx_word' id='word_1_27' title='bbox 1080 936 1346 987; x_wconf 90' lang='lat' dir='ltr'><strong>monstra</strong></span> <span class='ocrx_word' id='word_1_28' title='bbox 1385 926 1653 988; x_wconf 88' lang='lat' dir='ltr'><strong>timenda</strong></span> <span class='ocrx_word' id='word_1_29' title='bbox 1696 928 1896 1001; x_wconf 86' lang='lat' dir='ltr'><strong>nimis,</strong></span> <span class='ocrx_word' id='word_1_30' title='bbox 2515 948 2610 1002; x_wconf 81' lang='lat'><strong>170</strong></span> 
     </span>
     <span class='ocr_line' id='line_1_6' title="bbox 568 1022 1888 1103; baseline 0.002 -20"><span class='ocrx_word' id='word_1_31' title='bbox 568 1023 851 1085; x_wconf 86' lang='lat' dir='ltr'><strong>Diuersas</strong></span> <span class='ocrx_word' id='word_1_32' title='bbox 893 1022 1085 1101; x_wconf 87' lang='lat' dir='ltr'><strong>plebis</strong></span> <span class='ocrx_word' id='word_1_33' title='bbox 1128 1034 1317 1086; x_wconf 84' lang='lat' dir='ltr'>sortes</span> <span class='ocrx_word' id='word_1_34' title='bbox 1358 1024 1611 1101; x_wconf 82' lang='lat' dir='ltr'><strong>vulgaris</strong></span> <span class='ocrx_word' id='word_1_35' title='bbox 1652 1026 1888 1103; x_wconf 87' lang='lat' dir='ltr'><strong>iniquas</strong></span> 
     </span>
     <span class='ocr_line' id='line_1_7' title="bbox 566 1122 1866 1201; baseline 0.003 -19"><span class='ocrx_word' id='word_1_36' title='bbox 566 1123 907 1184; x_wconf 83' lang='lat' dir='ltr'><strong>Innumeris</strong></span> <span class='ocrx_word' id='word_1_37' title='bbox 946 1122 1157 1183; x_wconf 87' lang='lat' dir='ltr'><strong>turmis</strong></span> <span class='ocrx_word' id='word_1_38' title='bbox 1196 1122 1283 1184; x_wconf 89' lang='lat' dir='ltr'><strong>ire</strong></span> <span class='ocrx_word' id='word_1_39' title='bbox 1323 1140 1429 1200; x_wconf 90' lang='lat' dir='ltr'><strong>per</strong></span> <span class='ocrx_word' id='word_1_40' title='bbox 1465 1140 1611 1184; x_wconf 89' lang='lat' dir='ltr'><strong>arua</strong></span> <span class='ocrx_word' id='word_1_41' title='bbox 1650 1141 1866 1201; x_wconf 71' lang='lat' dir='ltr'><strong>vagasx</strong></span> 
     </span>
     <span class='ocr_line' id='line_1_8' title="bbox 565 1219 2024 1299; baseline 0.001 -18"><span class='ocrx_word' id='word_1_42' title='bbox 565 1222 852 1299; x_wconf 88' lang='lat' dir='ltr'><strong>Dumque</strong></span> <span class='ocrx_word' id='word_1_43' title='bbox 892 1222 1013 1283; x_wconf 88' lang='lat' dir='ltr'><strong>mei</strong></span> <span class='ocrx_word' id='word_1_44' title='bbox 1054 1219 1259 1281; x_wconf 78' lang='lat' dir='ltr'><strong>turbas</strong></span> <span class='ocrx_word' id='word_1_45' title='bbox 1302 1220 1461 1281; x_wconf 89' lang='lat' dir='ltr'><strong>oculi</strong></span> <span class='ocrx_word' id='word_1_46' title='bbox 1502 1221 1591 1281; x_wconf 89' lang='lat' dir='ltr'><strong>sic</strong></span> <span class='ocrx_word' id='word_1_47' title='bbox 1632 1222 2024 1298; x_wconf 81' lang='lat' dir='ltr'><strong>intuerentur,</strong></span> 
     </span>
     <span class='ocr_line' id='line_1_9' title="bbox 564 1319 1778 1397; baseline 0 -18"><span class='ocrx_word' id='word_1_48' title='bbox 564 1320 755 1379; x_wconf 87' lang='lat' dir='ltr'><strong>Miror</strong></span> <span class='ocrx_word' id='word_1_49' title='bbox 795 1329 856 1381; x_wconf 91' lang='lat' dir='ltr'><strong>et</strong></span> <span class='ocrx_word' id='word_1_50' title='bbox 898 1320 959 1379; x_wconf 90' lang='lat' dir='ltr'><strong>in</strong></span> <span class='ocrx_word' id='word_1_51' title='bbox 1000 1331 1167 1381; x_wconf 87' lang='lat' dir='ltr'><strong>tanta</strong></span> <span class='ocrx_word' id='word_1_52' title='bbox 1206 1319 1532 1381; x_wconf 80' lang='lat' dir='ltr'><strong>rusticitate</strong></span> <span class='ocrx_word' id='word_1_53' title='bbox 1572 1320 1778 1397; x_wconf 78' lang='lat' dir='ltr'><strong>magiS,</strong></span> 
     </span>
     <span class='ocr_line' id='line_1_10' title="bbox 566 1416 2008 1492; baseline 0.001 -15"><span class='ocrx_word' id='word_1_54' title='bbox 566 1418 729 1477; x_wconf 90' lang='lat' dir='ltr'><strong>Ecce</strong></span> <span class='ocrx_word' id='word_1_55' title='bbox 768 1416 869 1477; x_wconf 91' lang='lat' dir='ltr'><strong>dei</strong></span> <span class='ocrx_word' id='word_1_56' title='bbox 912 1416 1113 1477; x_wconf 90' lang='lat' dir='ltr'><strong>subito</strong></span> <span class='ocrx_word' id='word_1_57' title='bbox 1152 1417 1507 1478; x_wconf 83' lang='lat' dir='ltr'><strong>malediccio</strong></span> <span class='ocrx_word' id='word_1_58' title='bbox 1550 1416 1710 1477; x_wconf 85' lang='lat' dir='ltr'><strong>fulsit</strong></span> <span class='ocrx_word' id='word_1_59' title='bbox 1752 1417 1815 1477; x_wconf 90' lang='lat' dir='ltr'><strong>in</strong></span> <span class='ocrx_word' id='word_1_60' title='bbox 1857 1416 2008 1492; x_wconf 51' lang='lat' dir='ltr'><strong>illos</strong></span> 
     </span>
     <span class='ocr_line' id='line_1_11' title="bbox 568 1513 1835 1577; baseline 0.002 -4"><span class='ocrx_word' id='word_1_61' title='bbox 568 1515 647 1573; x_wconf 93' lang='lat' dir='ltr'><strong>Et</strong></span> <span class='ocrx_word' id='word_1_62' title='bbox 687 1525 929 1573; x_wconf 88' lang='lat' dir='ltr'><strong>mutans</strong></span> <span class='ocrx_word' id='word_1_63' title='bbox 969 1513 1191 1575; x_wconf 85' lang='lat' dir='ltr'><strong>formas</strong></span> <span class='ocrx_word' id='word_1_64' title='bbox 1232 1514 1451 1577; x_wconf 79' lang='lat' dir='ltr'><strong>fecerat</strong></span> <span class='ocrx_word' id='word_1_65' title='bbox 1490 1532 1623 1577; x_wconf 88' lang='lat' dir='ltr'><strong>esse</strong></span> <span class='ocrx_word' id='word_1_66' title='bbox 1665 1515 1835 1575; x_wconf 81' lang='lat' dir='ltr'><strong>seras.</strong></span> 
     </span>
     <span class='ocr_line' id='line_1_12' title="bbox 565 1612 2043 1690; baseline 0.002 -20"><span class='ocrx_word' id='word_1_67' title='bbox 565 1612 687 1687; x_wconf 87' lang='lat' dir='ltr'><strong>Qui</strong></span> <span class='ocrx_word' id='word_1_68' title='bbox 730 1612 963 1673; x_wconf 84' lang='lat' dir='ltr'><strong>fuerant</strong></span> <span class='ocrx_word' id='word_1_69' title='bbox 1003 1613 1279 1673; x_wconf 82' lang='lat' dir='ltr'><strong>homines</strong></span> <span class='ocrx_word' id='word_1_70' title='bbox 1320 1614 1483 1690; x_wconf 83' lang='lat' dir='ltr'><strong>prius</strong></span> <span class='ocrx_word' id='word_1_71' title='bbox 1524 1612 1732 1675; x_wconf 72' lang='lat' dir='ltr'><strong>innate</strong></span> <span class='ocrx_word' id='word_1_72' title='bbox 1771 1612 2043 1687; x_wconf 86' lang='lat' dir='ltr'><strong>racionis,</strong></span> 
     </span>
     <span class='ocr_line' id='line_1_13' title="bbox 563 1710 1808 1790; baseline 0 -19"><span class='ocrx_word' id='word_1_73' title='bbox 563 1712 884 1772; x_wconf 90' lang='lat' dir='ltr'><strong>Brutorum</strong></span> <span class='ocrx_word' id='word_1_74' title='bbox 927 1712 1157 1790; x_wconf 88' lang='lat' dir='ltr'><strong>species</strong></span> <span class='ocrx_word' id='word_1_75' title='bbox 1197 1712 1501 1771; x_wconf 86' lang='lat' dir='ltr'><strong>irracionis</strong></span> <span class='ocrx_word' id='word_1_76' title='bbox 1542 1710 1808 1773; x_wconf 85' lang='lat' dir='ltr'><strong>habent:</strong></span> 
     </span>
     <span class='ocr_line' id='line_1_14' title="bbox 566 1809 2013 1887; baseline 0 -18"><span class='ocrx_word' id='word_1_77' title='bbox 566 1810 849 1869; x_wconf 66' lang='lat' dir='ltr'><strong>Diuersus</strong></span> <span class='ocrx_word' id='word_1_78' title='bbox 890 1818 1115 1870; x_wconf 88' lang='lat' dir='ltr'><strong>turmas</strong></span> <span class='ocrx_word' id='word_1_79' title='bbox 1156 1810 1513 1887; x_wconf 82' lang='lat' dir='ltr'><strong>diuersaque</strong></span> <span class='ocrx_word' id='word_1_80' title='bbox 1552 1809 1746 1871; x_wconf 79' lang='lat' dir='ltr'><strong>sonna</strong></span> <span class='ocrx_word' id='word_1_81' title='bbox 1785 1810 2013 1887; x_wconf 80' lang='lat' dir='ltr'><strong>figurat,</strong></span> 
     </span>
     <span class='ocr_line' id='line_1_15' title="bbox 565 1906 2608 1985; baseline -0 -18"><span class='ocrx_word' id='word_1_82' title='bbox 565 1906 915 1983; x_wconf 88' lang='lat' dir='ltr'><strong>Quamlibet</strong></span> <span class='ocrx_word' id='word_1_83' title='bbox 954 1918 1015 1968; x_wconf 91' lang='lat' dir='ltr'><strong>et</strong></span> <span class='ocrx_word' id='word_1_84' title='bbox 1056 1907 1293 1985; x_wconf 87' lang='lat' dir='ltr'><strong>propria</strong></span> <span class='ocrx_word' id='word_1_85' title='bbox 1330 1906 1691 1969; x_wconf 89' lang='lat' dir='ltr'><strong>condicione</strong></span> <span class='ocrx_word' id='word_1_86' title='bbox 1734 1917 1922 1967; x_wconf 79' lang='lat' dir='ltr'><strong>notat.</strong></span> <span class='ocrx_word' id='word_1_87' title='bbox 2512 1918 2608 1966; x_wconf 83' lang='lat'><strong>180</strong></span> 
     </span>
     <span class='ocr_line' id='line_1_16' title="bbox 564 2004 2500 2084; baseline 0.002 -19"><span class='ocrx_word' id='word_1_88' title='bbox 564 2007 853 2084; x_wconf 89' lang='lat' dir='ltr'><strong>Sornpnia</strong></span> <span class='ocrx_word' id='word_1_89' title='bbox 892 2005 1133 2083; x_wconf 87' lang='lat' dir='ltr'><strong>pondus</strong></span> <span class='ocrx_word' id='word_1_90' title='bbox 1174 2004 1417 2080; x_wconf 89' lang='lat' dir='ltr'><strong>habent,</strong></span> <span class='ocrx_word' id='word_1_91' title='bbox 1461 2005 1605 2066; x_wconf 88' lang='lat' dir='ltr'><strong>hinc</strong></span> <span class='ocrx_word' id='word_1_92' title='bbox 1646 2016 1738 2067; x_wconf 87' lang='lat' dir='ltr'><strong>est</strong></span> <span class='ocrx_word' id='word_1_93' title='bbox 1779 2006 1946 2083; x_wconf 92' lang='lat' dir='ltr'><strong>quod</strong></span> <span class='ocrx_word' id='word_1_94' title='bbox 1988 2006 2136 2067; x_wconf 89' lang='lat' dir='ltr'><strong>mira</strong></span> <span class='ocrx_word' id='word_1_95' title='bbox 2176 2008 2500 2081; x_wconf 73' lang='lat' dir='ltr'><strong>remmam,</strong></span> 
     </span>
     <span class='ocr_line' id='line_1_17' title="bbox 568 2102 2091 2181; baseline 0 -18"><span class='ocrx_word' id='word_1_96' title='bbox 568 2103 749 2165; x_wconf 89' lang='lat' dir='ltr'><strong>Vnde</strong></span> <span class='ocrx_word' id='word_1_97' title='bbox 792 2103 981 2181; x_wconf 88' lang='lat' dir='ltr'><strong>magis</strong></span> <span class='ocrx_word' id='word_1_98' title='bbox 1019 2104 1269 2181; x_wconf 81' lang='lat' dir='ltr'><strong>vigilans</strong></span> <span class='ocrx_word' id='word_1_99' title='bbox 1310 2122 1445 2163; x_wconf 88' lang='lat' dir='ltr'><strong>sum</strong></span> <span class='ocrx_word' id='word_1_100' title='bbox 1488 2103 1828 2163; x_wconf 82' lang='lat' dir='ltr'><strong>timefactus</strong></span> <span class='ocrx_word' id='word_1_101' title='bbox 1870 2102 2091 2163; x_wconf 87' lang='lat' dir='ltr'><strong>adbuc.</strong></span> 
     </span>
     <span class='ocr_line' id='line_1_18' title="bbox 644 2200 1932 2263; baseline 0.001 -2"><span class='ocrx_word' id='word_1_102' title='bbox 644 2202 851 2262; x_wconf 75' lang='lat' dir='ltr'><strong>Elatos</strong></span> <span class='ocrx_word' id='word_1_103' title='bbox 891 2202 1091 2262; x_wconf 89' lang='lat' dir='ltr'><strong>asinos</strong></span> <span class='ocrx_word' id='word_1_104' title='bbox 1132 2200 1327 2262; x_wconf 88' lang='lat' dir='ltr'><strong>subita</strong></span> <span class='ocrx_word' id='word_1_105' title='bbox 1371 2202 1639 2262; x_wconf 90' lang='lat' dir='ltr'><strong>nouitate</strong></span> <span class='ocrx_word' id='word_1_106' title='bbox 1678 2200 1932 2263; x_wconf 81' lang='lat' dir='ltr'><strong>rebelles</strong></span> 
     </span>
     <span class='ocr_line' id='line_1_19' title="bbox 560 2298 1833 2376; baseline 0.002 -20"><span class='ocrx_word' id='word_1_107' title='bbox 560 2298 719 2373; x_wconf 89' lang='lat' dir='ltr'><strong>Vidi,</strong></span> <span class='ocrx_word' id='word_1_108' title='bbox 764 2316 879 2359; x_wconf 91' lang='lat' dir='ltr'><strong>nec</strong></span> <span class='ocrx_word' id='word_1_109' title='bbox 919 2298 1100 2361; x_wconf 83' lang='lat' dir='ltr'><strong>frenis</strong></span> <span class='ocrx_word' id='word_1_110' title='bbox 1140 2299 1275 2376; x_wconf 91' lang='lat' dir='ltr'><strong>quis</strong></span> <span class='ocrx_word' id='word_1_111' title='bbox 1316 2298 1649 2361; x_wconf 88' lang='lat' dir='ltr'><strong>moderauit</strong></span> <span class='ocrx_word' id='word_1_112' title='bbox 1690 2317 1833 2374; x_wconf 86' lang='lat' dir='ltr'><strong>eos;</strong></span> 
     </span>
     <span class='ocr_line' id='line_1_20' title="bbox 560 2398 2042 2476; baseline 0.003 -21"><span class='ocrx_word' id='word_1_113' title='bbox 560 2398 805 2459; x_wconf 88' lang='lat' dir='ltr'><strong>Viscera</strong></span> <span class='ocrx_word' id='word_1_114' title='bbox 846 2416 1108 2476; x_wconf 89' lang='lat' dir='ltr'><strong>namque</strong></span> <span class='ocrx_word' id='word_1_115' title='bbox 1147 2416 1257 2459; x_wconf 90' lang='lat' dir='ltr'><strong>sua</strong></span> <span class='ocrx_word' id='word_1_116' title='bbox 1296 2398 1519 2475; x_wconf 88' lang='lat' dir='ltr'><strong>repleta</strong></span> <span class='ocrx_word' id='word_1_117' title='bbox 1560 2398 1758 2459; x_wconf 85' lang='lat' dir='ltr'><strong>furore</strong></span> <span class='ocrx_word' id='word_1_118' title='bbox 1797 2399 2042 2459; x_wconf 87' lang='lat' dir='ltr'><strong>leonum</strong></span> 
     </span>
     <span class='ocr_line' id='line_1_21' title="bbox 563 2495 1826 2572; baseline 0.002 -17"><span class='ocrx_word' id='word_1_119' title='bbox 563 2496 898 2555; x_wconf 83' lang='lat' dir='ltr'><strong>Extiterant</strong></span> <span class='ocrx_word' id='word_1_120' title='bbox 936 2496 1153 2572; x_wconf 87' lang='lat' dir='ltr'><strong>predas</strong></span> <span class='ocrx_word' id='word_1_121' title='bbox 1192 2496 1257 2555; x_wconf 88' lang='lat' dir='ltr'><strong>in</strong></span> <span class='ocrx_word' id='word_1_122' title='bbox 1298 2495 1629 2572; x_wconf 88' lang='lat' dir='ltr'><strong>repetendo</strong></span> <span class='ocrx_word' id='word_1_123' title='bbox 1672 2514 1826 2557; x_wconf 85' lang='lat' dir='ltr'><strong>suas.</strong></span> 
     </span>
     <span class='ocr_line' id='line_1_22' title="bbox 562 2592 2114 2673; baseline 0.003 -21"><span class='ocrx_word' id='word_1_124' title='bbox 562 2592 831 2654; x_wconf 87' lang='lat' dir='ltr'><strong>Perdidit</strong></span> <span class='ocrx_word' id='word_1_125' title='bbox 870 2594 1136 2654; x_wconf 86' lang='lat' dir='ltr'><strong>officium</strong></span> <span class='ocrx_word' id='word_1_126' title='bbox 1174 2594 1388 2671; x_wconf 89' lang='lat' dir='ltr'><strong>capitis</strong></span> <span class='ocrx_word' id='word_1_127' title='bbox 1430 2594 1561 2655; x_wconf 85' lang='lat' dir='ltr'><strong>sine</strong></span> <span class='ocrx_word' id='word_1_128' title='bbox 1602 2594 1732 2671; x_wconf 83' lang='lat' dir='ltr'><strong>lege</strong></span> <span class='ocrx_word' id='word_1_129' title='bbox 1773 2594 2114 2673; x_wconf 86' lang='lat' dir='ltr'><strong>capistrum,</strong></span> 
     </span>
     <span class='ocr_line' id='line_1_23' title="bbox 564 2692 1983 2771; baseline 0 -19"><span class='ocrx_word' id='word_1_130' title='bbox 564 2693 729 2752; x_wconf 89' lang='lat' dir='ltr'><strong>Dum</strong></span> <span class='ocrx_word' id='word_1_131' title='bbox 772 2693 989 2753; x_wconf 79' lang='lat' dir='ltr'><strong>saltant</strong></span> <span class='ocrx_word' id='word_1_132' title='bbox 1028 2692 1181 2753; x_wconf 86' lang='lat' dir='ltr'><strong>asini</strong></span> <span class='ocrx_word' id='word_1_133' title='bbox 1222 2700 1444 2751; x_wconf 86' lang='lat' dir='ltr'><strong>cuncta</strong></span> <span class='ocrx_word' id='word_1_134' title='bbox 1482 2710 1589 2768; x_wconf 90' lang='lat' dir='ltr'><strong>per</strong></span> <span class='ocrx_word' id='word_1_135' title='bbox 1628 2709 1774 2752; x_wconf 88' lang='lat' dir='ltr'><strong>arua</strong></span> <span class='ocrx_word' id='word_1_136' title='bbox 1813 2694 1982 2771; x_wconf 83' lang='lat' dir='ltr'><strong>vagi·</strong></span> <span class='ocrx_word' id='word_1_137' title='bbox 1963 2738 1983 2769; x_wconf 97' lang='lat'><strong>,</strong></span> 
     </span>
     <span class='ocr_line' id='line_1_24' title="bbox 558 2789 1980 2866; baseline 0.002 -17"><span class='ocrx_word' id='word_1_138' title='bbox 558 2789 797 2850; x_wconf 89' lang='lat' dir='ltr'><strong>Terruit</strong></span> <span class='ocrx_word' id='word_1_139' title='bbox 836 2808 915 2850; x_wconf 90' lang='lat' dir='ltr'><strong>en</strong></span> <span class='ocrx_word' id='word_1_140' title='bbox 954 2800 1205 2851; x_wconf 84' lang='lat' dir='ltr'><strong>cunctos</strong></span> <span class='ocrx_word' id='word_1_141' title='bbox 1246 2807 1355 2850; x_wconf 83' lang='lat' dir='ltr'><strong>sua</strong></span> <span class='ocrx_word' id='word_1_142' title='bbox 1395 2790 1758 2850; x_wconf 87' lang='lat' dir='ltr'><strong>sternutacio</strong></span> <span class='ocrx_word' id='word_1_143' title='bbox 1797 2790 1980 2866; x_wconf 77' lang='lat' dir='ltr'><strong>ciueS,</strong></span> 
     </span>
     <span class='ocr_line' id='line_1_25' title="bbox 562 2887 2608 2965; baseline 0.001 -19"><span class='ocrx_word' id='word_1_144' title='bbox 562 2888 727 2946; x_wconf 90' lang='lat' dir='ltr'><strong>Dum</strong></span> <span class='ocrx_word' id='word_1_145' title='bbox 768 2888 1075 2964; x_wconf 87' lang='lat' dir='ltr'><strong>geminant</strong></span> <span class='ocrx_word' id='word_1_146' title='bbox 1117 2888 1292 2948; x_wconf 87' lang='lat' dir='ltr'><strong>solita</strong></span> <span class='ocrx_word' id='word_1_147' title='bbox 1330 2904 1481 2947; x_wconf 84' lang='lat' dir='ltr'><strong>voce</strong></span> <span class='ocrx_word' id='word_1_148' title='bbox 1524 2887 1864 2965; x_wconf 87' lang='lat' dir='ltr'><strong>frequenter</strong></span> <span class='ocrx_word' id='word_1_149' title='bbox 1902 2889 2038 2965; x_wconf 88' lang='lat' dir='ltr'><strong>yha.</strong></span> <span class='ocrx_word' id='word_1_150' title='bbox 2514 2914 2608 2965; x_wconf 89' lang='lat'><strong>190</strong></span> 
     </span>
     <span class='ocr_line' id='line_1_26' title="bbox 560 2984 2185 3063; baseline 0 -18"><span class='ocrx_word' id='word_1_151' title='bbox 560 2986 713 3045; x_wconf 88' lang='lat' dir='ltr'><strong>Sunt</strong></span> <span class='ocrx_word' id='word_1_152' title='bbox 754 2986 1080 3063; x_wconf 86' lang='lat' dir='ltr'><strong>onagrique</strong></span> <span class='ocrx_word' id='word_1_153' title='bbox 1122 2985 1301 3046; x_wconf 89' lang='lat' dir='ltr'><strong>rudes</strong></span> <span class='ocrx_word' id='word_1_154' title='bbox 1340 2986 1493 3045; x_wconf 88' lang='lat' dir='ltr'><strong>asini</strong></span> <span class='ocrx_word' id='word_1_155' title='bbox 1532 2984 1839 3060; x_wconf 84' lang='lat' dir='ltr'><strong>violenter,</strong></span> <span class='ocrx_word' id='word_1_156' title='bbox 1879 2996 1944 3047; x_wconf 89' lang='lat' dir='ltr'><strong>et</strong></span> <span class='ocrx_word' id='word_1_157' title='bbox 1986 2987 2185 3047; x_wconf 87' lang='lat' dir='ltr'><strong>omnis</strong></span> 
     </span>
     <span class='ocr_line' id='line_1_27' title="bbox 561 3067 1746 3158; baseline 0 -17"><span class='ocrx_word' id='word_1_158' title='bbox 561 3083 702 3158; x_wconf 89' lang='lat' dir='ltr'><strong>Que</strong></span> <span class='ocrx_word' id='word_1_159' title='bbox 742 3082 852 3142; x_wconf 81' lang='lat' dir='ltr'><strong>suit</strong></span> <span class='ocrx_word' id='word_1_160' title='bbox 891 3083 1107 3143; x_wconf 87' lang='lat' dir='ltr'><strong>vtilitas</strong></span> <span class='ocrx_word' id='word_1_161' title='bbox 1149 3082 1396 3143; x_wconf 87' lang='lat' dir='ltr'><strong>vtilitate</strong></span> <span class='ocrx_word' id='word_1_162' title='bbox 1436 3092 1613 3143; x_wconf 85' lang='lat' dir='ltr'><strong>caret.</strong></span> <span class='ocrx_word' id='word_1_163' title='bbox 1736 3067 1746 3075; x_wconf 50' lang='lat'>⁸</span> 
     </span>
     <span class='ocr_line' id='line_1_28' title="bbox 562 3180 2062 3256; baseline 0.001 -18"><span class='ocrx_word' id='word_1_164' title='bbox 562 3180 839 3256; x_wconf 88' lang='lat' dir='ltr'><strong>Amplius</strong></span> <span class='ocrx_word' id='word_1_165' title='bbox 878 3182 957 3241; x_wconf 89' lang='lat' dir='ltr'><strong>ad</strong></span> <span class='ocrx_word' id='word_1_166' title='bbox 1000 3180 1199 3241; x_wconf 85' lang='lat' dir='ltr'><strong>villam</strong></span> <span class='ocrx_word' id='word_1_167' title='bbox 1242 3197 1449 3240; x_wconf 84' lang='lat' dir='ltr'><strong>saccos</strong></span> <span class='ocrx_word' id='word_1_168' title='bbox 1490 3189 1726 3256; x_wconf 86' lang='lat' dir='ltr'><strong>portare</strong></span> <span class='ocrx_word' id='word_1_169' title='bbox 1765 3191 2062 3253; x_wconf 86' lang='lat' dir='ltr'><strong>recusant,</strong></span> 
     </span>
     <span class='ocr_line' id='line_1_29' title="bbox 564 3277 1954 3355; baseline 0.001 -18"><span class='ocrx_word' id='word_1_170' title='bbox 564 3277 697 3338; x_wconf 89' lang='lat' dir='ltr'><strong>Nec</strong></span> <span class='ocrx_word' id='word_1_171' title='bbox 737 3296 985 3338; x_wconf 89' lang='lat' dir='ltr'><strong>curuare</strong></span> <span class='ocrx_word' id='word_1_172' title='bbox 1028 3296 1137 3339; x_wconf 87' lang='lat' dir='ltr'><strong>sua</strong></span> <span class='ocrx_word' id='word_1_173' title='bbox 1176 3278 1448 3355; x_wconf 90' lang='lat' dir='ltr'><strong>pondere</strong></span> <span class='ocrx_word' id='word_1_174' title='bbox 1488 3277 1666 3338; x_wconf 88' lang='lat' dir='ltr'><strong>dorsa</strong></span> <span class='ocrx_word' id='word_1_175' title='bbox 1707 3278 1954 3353; x_wconf 83' lang='lat' dir='ltr'><strong>volunt3</strong></span> 
     </span>
     <span class='ocr_line' id='line_1_30' title="bbox 562 3374 2142 3453; baseline 0.001 -17"><span class='ocrx_word' id='word_1_176' title='bbox 562 3375 665 3436; x_wconf 88' lang='lat' dir='ltr'><strong>Set</strong></span> <span class='ocrx_word' id='word_1_177' title='bbox 705 3393 903 3453; x_wconf 89' lang='lat' dir='ltr'><strong>neque</strong></span> <span class='ocrx_word' id='word_1_178' title='bbox 944 3376 1164 3437; x_wconf 87' lang='lat' dir='ltr'><strong>rurales</strong></span> <span class='ocrx_word' id='word_1_179' title='bbox 1205 3385 1414 3435; x_wconf 89' lang='lat' dir='ltr'><strong>curant</strong></span> <span class='ocrx_word' id='word_1_180' title='bbox 1456 3376 1518 3434; x_wconf 88' lang='lat' dir='ltr'><strong>in</strong></span> <span class='ocrx_word' id='word_1_181' title='bbox 1560 3374 1870 3437; x_wconf 88' lang='lat' dir='ltr'><strong>montibus</strong></span> <span class='ocrx_word' id='word_1_182' title='bbox 1911 3376 2142 3451; x_wconf 85' lang='lat' dir='ltr'><strong>herbas,</strong></span> 
     </span>
     <span class='ocr_line' id='line_1_31' title="bbox 561 3472 1891 3552; baseline 0.002 -21"><span class='ocrx_word' id='word_1_183' title='bbox 561 3472 869 3534; x_wconf 90' lang='lat' dir='ltr'><strong>Ammodo</strong></span> <span class='ocrx_word' id='word_1_184' title='bbox 910 3484 1001 3533; x_wconf 90' lang='lat' dir='ltr'><strong>set</strong></span> <span class='ocrx_word' id='word_1_185' title='bbox 1042 3484 1299 3550; x_wconf 90' lang='lat' dir='ltr'><strong>querunt</strong></span> <span class='ocrx_word' id='word_1_186' title='bbox 1339 3474 1625 3534; x_wconf 87' lang='lat' dir='ltr'><strong>deliciosa</strong></span> <span class='ocrx_word' id='word_1_187' title='bbox 1664 3474 1891 3552; x_wconf 79' lang='lat' dir='ltr'><strong>magis3</strong></span> 
     </span>
     <span class='ocr_line' id='line_1_32' title="bbox 560 3570 2062 3651; baseline 0.003 -22"><span class='ocrx_word' id='word_1_188' title='bbox 560 3570 619 3629; x_wconf 91' lang='lat' dir='ltr'><strong>A</strong></span> <span class='ocrx_word' id='word_1_189' title='bbox 658 3570 939 3632; x_wconf 88' lang='lat' dir='ltr'><strong>domibus</strong></span> <span class='ocrx_word' id='word_1_190' title='bbox 978 3572 1129 3632; x_wconf 85' lang='lat' dir='ltr'><strong>alios</strong></span> <span class='ocrx_word' id='word_1_191' title='bbox 1170 3571 1489 3647; x_wconf 84' lang='lat' dir='ltr'><strong>expellunt,</strong></span> <span class='ocrx_word' id='word_1_192' title='bbox 1534 3571 1629 3632; x_wconf 87' lang='lat' dir='ltr'><strong>ius</strong></span> <span class='ocrx_word' id='word_1_193' title='bbox 1668 3582 1731 3633; x_wconf 86' lang='lat' dir='ltr'><strong>et</strong></span> <span class='ocrx_word' id='word_1_194' title='bbox 1769 3590 2062 3651; x_wconf 88' lang='lat' dir='ltr'><strong>equorum</strong></span> 
     </span>
     <span class='ocr_line' id='line_1_33' title="bbox 563 3667 1681 3746; baseline 0.002 -19"><span class='ocrx_word' id='word_1_195' title='bbox 563 3667 796 3728; x_wconf 88' lang='lat' dir='ltr'><strong>Iniuste</strong></span> <span class='ocrx_word' id='word_1_196' title='bbox 835 3670 1089 3745; x_wconf 90' lang='lat' dir='ltr'><strong>cupiunt</strong></span> <span class='ocrx_word' id='word_1_197' title='bbox 1126 3670 1508 3746; x_wconf 87' lang='lat' dir='ltr'><strong>appropriare</strong></span> <span class='ocrx_word' id='word_1_198' title='bbox 1548 3669 1681 3730; x_wconf 83' lang='lat' dir='ltr'><strong>sibi.</strong></span> 
     </span>
     <span class='ocr_line' id='line_1_34' title="bbox 642 3766 2092 3847; baseline 0.002 -22"><span class='ocrx_word' id='word_1_199' title='bbox 642 3766 1002 3826; x_wconf 89' lang='lat' dir='ltr'><strong>Presumunt</strong></span> <span class='ocrx_word' id='word_1_200' title='bbox 1042 3767 1195 3827; x_wconf 85' lang='lat' dir='ltr'><strong>asini</strong></span> <span class='ocrx_word' id='word_1_201' title='bbox 1235 3767 1552 3843; x_wconf 86' lang='lat' dir='ltr'><strong>gemmatis</strong></span> <span class='ocrx_word' id='word_1_202' title='bbox 1592 3769 1883 3829; x_wconf 86' lang='lat' dir='ltr'><strong>ammodo</strong></span> <span class='ocrx_word' id='word_1_203' title='bbox 1927 3769 2092 3847; x_wconf 87' lang='lat' dir='ltr'><strong>fungi</strong></span> 
     </span>
     <span class='ocr_line' id='line_1_35' title="bbox 558 3862 2600 3941; baseline 0.001 -18"><span class='ocrx_word' id='word_1_204' title='bbox 558 3862 747 3935; x_wconf 90' lang='lat' dir='ltr'><strong>Sellis,</strong></span> <span class='ocrx_word' id='word_1_205' title='bbox 791 3873 851 3924; x_wconf 88' lang='lat' dir='ltr'><strong>et</strong></span> <span class='ocrx_word' id='word_1_206' title='bbox 890 3874 1163 3941; x_wconf 85' lang='lat' dir='ltr'><strong>comptas</strong></span> <span class='ocrx_word' id='word_1_207' title='bbox 1203 3882 1441 3941; x_wconf 87' lang='lat' dir='ltr'><strong>semper</strong></span> <span class='ocrx_word' id='word_1_208' title='bbox 1478 3863 1701 3925; x_wconf 89' lang='lat' dir='ltr'><strong>habere</strong></span> <span class='ocrx_word' id='word_1_209' title='bbox 1743 3884 1988 3926; x_wconf 85' lang='lat' dir='ltr'><strong>comas:</strong></span> <span class='ocrx_word' id='word_1_210' title='bbox 2501 3886 2600 3925; x_wconf 79' lang='lat'><strong>200</strong></span> 
     </span>
     <span class='ocr_line' id='line_1_36' title="bbox 558 3961 2120 4041; baseline 0.003 -22"><span class='ocrx_word' id='word_1_211' title='bbox 558 3961 645 4020; x_wconf 88' lang='lat' dir='ltr'><strong>Vt</strong></span> <span class='ocrx_word' id='word_1_212' title='bbox 683 3971 855 4021; x_wconf 85' lang='lat' dir='ltr'><strong>vetus</strong></span> <span class='ocrx_word' id='word_1_213' title='bbox 898 3963 1026 4040; x_wconf 88' lang='lat' dir='ltr'><strong>ipse</strong></span> <span class='ocrx_word' id='word_1_214' title='bbox 1068 3980 1238 4023; x_wconf 90' lang='lat' dir='ltr'><strong>suam</strong></span> <span class='ocrx_word' id='word_1_215' title='bbox 1281 3972 1511 4023; x_wconf 88' lang='lat' dir='ltr'><strong>curtam</strong></span> <span class='ocrx_word' id='word_1_216' title='bbox 1555 3964 1874 4023; x_wconf 89' lang='lat' dir='ltr'><strong>Burnellus</strong></span> <span class='ocrx_word' id='word_1_217' title='bbox 1915 3964 2120 4041; x_wconf 89' lang='lat' dir='ltr'><strong>inepte</strong></span> 
     </span>
     <span class='ocr_line' id='line_1_37' title="bbox 558 4058 1756 4138; baseline 0.002 -18"><span class='ocrx_word' id='word_1_218' title='bbox 558 4058 833 4120; x_wconf 89' lang='lat' dir='ltr'><strong>Caudam</strong></span> <span class='ocrx_word' id='word_1_219' title='bbox 874 4060 1102 4138; x_wconf 80' lang='lat' dir='ltr'><strong>longari</strong></span> <span class='ocrx_word' id='word_1_220' title='bbox 1141 4061 1221 4122; x_wconf 92' lang='lat' dir='ltr'><strong>de</strong></span> <span class='ocrx_word' id='word_1_221' title='bbox 1262 4061 1531 4122; x_wconf 82' lang='lat' dir='ltr'><strong>nouitate</strong></span> <span class='ocrx_word' id='word_1_222' title='bbox 1570 4062 1756 4137; x_wconf 89' lang='lat' dir='ltr'><strong>cupit,</strong></span> 
     </span>
     <span class='ocr_line' id='line_1_38' title="bbox 561 4156 2152 4236; baseline 0.002 -21"><span class='ocrx_word' id='word_1_223' title='bbox 561 4156 661 4216; x_wconf 91' lang='lat' dir='ltr'><strong>Sic</strong></span> <span class='ocrx_word' id='word_1_224' title='bbox 700 4156 799 4216; x_wconf 87' lang='lat' dir='ltr'><strong>isti</strong></span> <span class='ocrx_word' id='word_1_225' title='bbox 840 4158 1039 4217; x_wconf 89' lang='lat' dir='ltr'><strong>miseri</strong></span> <span class='ocrx_word' id='word_1_226' title='bbox 1082 4176 1242 4219; x_wconf 91' lang='lat' dir='ltr'><strong>noua</strong></span> <span class='ocrx_word' id='word_1_227' title='bbox 1282 4168 1567 4236; x_wconf 85' lang='lat' dir='ltr'><strong>tergaque</strong></span> <span class='ocrx_word' id='word_1_228' title='bbox 1607 4158 1788 4235; x_wconf 85' lang='lat' dir='ltr'><strong>longa</strong></span> <span class='ocrx_word' id='word_1_229' title='bbox 1828 4159 2152 4236; x_wconf 89' lang='lat' dir='ltr'><strong>requirunt,</strong></span> 
     </span>
     <span class='ocr_line' id='line_1_39' title="bbox 558 4254 1900 4318; baseline 0.003 -5"><span class='ocrx_word' id='word_1_230' title='bbox 558 4254 643 4315; x_wconf 87' lang='lat' dir='ltr'><strong>Vt</strong></span> <span class='ocrx_word' id='word_1_231' title='bbox 682 4254 781 4315; x_wconf 87' lang='lat' dir='ltr'><strong>leo</strong></span> <span class='ocrx_word' id='word_1_232' title='bbox 820 4256 901 4317; x_wconf 89' lang='lat' dir='ltr'><strong>de</strong></span> <span class='ocrx_word' id='word_1_233' title='bbox 938 4256 1135 4316; x_wconf 84' lang='lat' dir='ltr'><strong>cauda</strong></span> <span class='ocrx_word' id='word_1_234' title='bbox 1176 4256 1295 4317; x_wconf 90' lang='lat' dir='ltr'><strong>sint</strong></span> <span class='ocrx_word' id='word_1_235' title='bbox 1334 4266 1397 4318; x_wconf 88' lang='lat' dir='ltr'><strong>et</strong></span> <span class='ocrx_word' id='word_1_236' title='bbox 1439 4256 1679 4317; x_wconf 89' lang='lat' dir='ltr'><strong>Asellus</strong></span> <span class='ocrx_word' id='word_1_237' title='bbox 1721 4256 1900 4317; x_wconf 87' lang='lat' dir='ltr'><strong>idem.</strong></span> 
     </span>
     <span class='ocr_line' id='line_1_40' title="bbox 560 4352 1918 4432; baseline 0.002 -20"><span class='ocrx_word' id='word_1_238' title='bbox 560 4352 727 4413; x_wconf 91' lang='lat' dir='ltr'><strong>Pelle</strong></span> <span class='ocrx_word' id='word_1_239' title='bbox 766 4354 1009 4414; x_wconf 87' lang='lat' dir='ltr'><strong>leonina</strong></span> <span class='ocrx_word' id='word_1_240' title='bbox 1048 4364 1275 4415; x_wconf 90' lang='lat' dir='ltr'><strong>tectum</strong></span> <span class='ocrx_word' id='word_1_241' title='bbox 1316 4372 1384 4414; x_wconf 88' lang='lat' dir='ltr'><strong>se</strong></span> <span class='ocrx_word' id='word_1_242' title='bbox 1423 4354 1613 4432; x_wconf 83' lang='lat' dir='ltr'><strong>pinxit</strong></span> <span class='ocrx_word' id='word_1_243' title='bbox 1654 4354 1918 4431; x_wconf 87' lang='lat' dir='ltr'><strong>Asellus,</strong></span> 
     </span>
     <span class='ocr_line' id='line_1_41' title="bbox 560 4450 1947 4531; baseline 0.002 -20"><span class='ocrx_word' id='word_1_244' title='bbox 560 4450 641 4511; x_wconf 85' lang='lat' dir='ltr'><strong>Et</strong></span> <span class='ocrx_word' id='word_1_245' title='bbox 680 4468 789 4511; x_wconf 87' lang='lat' dir='ltr'><strong>sua</strong></span> <span class='ocrx_word' id='word_1_246' title='bbox 830 4452 1197 4514; x_wconf 86' lang='lat' dir='ltr'><strong>transcendit</strong></span> <span class='ocrx_word' id='word_1_247' title='bbox 1236 4452 1423 4531; x_wconf 87' lang='lat' dir='ltr'><strong>gloria</strong></span> <span class='ocrx_word' id='word_1_248' title='bbox 1466 4470 1617 4513; x_wconf 89' lang='lat' dir='ltr'><strong>vana</strong></span> <span class='ocrx_word' id='word_1_249' title='bbox 1658 4451 1947 4514; x_wconf 72' lang='lat' dir='ltr'><strong>modumz</strong></span> 
     </span>
    </p>
   </div>
  </div>
 </body>
</html>
