3434 5142
1106 454 1388 518 LIBER
1446 450 1920 519 SEPTIMUS
2490 452 2609 513 281

575 616 634 675 N
637 632 708 676 ec
749 632 920 675 socer
959 632 995 675 a
1035 632 1274 693 genero,
1315 615 1461 675 dum
1502 624 1672 674 vaoet
1713 614 1841 691 ipse
1882 616 2064 674 lucro.

653 715 957 791 Tempore
997 732 1160 773 nunc
1200 714 1398 790 plures
1438 714 1582 785 odio
1623 723 1970 773 remanente
2011 713 2286 785 salutant,

573 813 842 888 Tempus
883 821 942 872 et
983 811 1062 871 ad
1103 811 1393 871 vomitum
1436 811 1693 871 ruminat
1734 812 1820 870 ira
1860 829 2069 871 suum:

575 910 755 968 Facta
797 918 1044 968 mouent
1085 909 1310 982 odium,
1354 909 1536 969 facies
1576 918 1779 969 exorat
1818 926 2103 982 amorem,

576 1005 802 1066 Oscula
842 1006 1140 1083 pretendit
1180 1024 1266 1079 os,
1310 1024 1524 1066 manus
1565 1016 1747 1083 atque
1788 1006 1939 1065 ferit.
2514 1026 2617 1075 μα

574 1102 928 1164 Pectoribus
969 1123 1166 1164 mores
1207 1114 1296 1165 tot
1336 1115 1475 1164 sunt
1514 1114 1663 1181 quot
1704 1105 1767 1162 in
1810 1101 1956 1164 orbe
1997 1104 2197 1180 figure,

579 1202 638 1261 N
642 1221 713 1261 ec
752 1203 1000 1279 longum
1044 1202 1255 1262 stabile
1295 1202 1442 1279 quid
1484 1202 1769 1262 bonitatis
1810 1201 2071 1261 habent:

576 1299 782 1375 thue
824 1300 988 1360 leues
1033 1300 1326 1359 Protheus
1368 1318 1498 1359 sese
1537 1299 1809 1359 tenuauit
1849 1299 1913 1357 in
1953 1299 2159 1372 midas,

577 1397 636 1456 N
640 1416 759 1456 unc
799 1398 912 1471 leo,
959 1416 1120 1456 nunc
1160 1397 1352 1471 arbor,
1396 1415 1559 1456 nunc
1600 1407 1724 1457 erat
1763 1397 1979 1469 hircus,
2022 1415 2181 1473 aper,

576 1496 675 1556 Sic
715 1497 934 1557 modus
974 1498 1054 1556 ad
1094 1515 1337 1573 presens
1378 1496 1692 1555 hominum
1734 1496 2037 1556 mutabilis
2078 1505 2253 1569 extat,

576 1594 634 1653 N
638 1612 708 1653 ec
746 1594 874 1654 scio
913 1612 1038 1671 quo
1079 1612 1324 1671 possum
1367 1595 1571 1654 firmus
1611 1593 1777 1653 adire
1816 1594 2083 1669 gradum.

575 1691 777 1751 Vacca
818 1692 893 1751 sit
933 1710 1011 1751 an
1054 1702 1255 1752 taurus
1295 1709 1420 1751 non
1462 1702 1552 1751 est
1591 1706 1955 1768 cognoscere
1995 1699 2356 1768 promptum,

575 1791 717 1849 Pars
757 1790 916 1867 prior
955 1800 1214 1866 apparet,
1257 1791 1583 1867 posteriora
1622 1791 1845 1854 latent:

575 1888 674 1947 Sic
717 1888 907 1963 prima
949 1888 1101 1947 facie
1143 1907 1266 1948 non
1309 1898 1400 1949 est
1441 1906 1804 1965 cognoscere
1844 1884 2132 1961 verbum3

575 1984 700 2060 Qui
743 1985 928 2044 nichil
968 1985 1246 2057 occultat,
1291 1987 1558 2062 pondera
1600 1986 1735 2045 finis
1778 1984 1979 2045 habet.
2516 2006 2615 2056 330

575 2081 738 2141 Dum
779 2082 959 2142 fueris
1001 2082 1156 2156 felix,
1199 2082 1398 2160 plures
1441 2093 1827 2142 numerantur
1865 2082 2059 2155 amici,

574 2182 804 2256 Aspera
845 2181 894 2239 si
937 2179 1156 2239 fuerint
1199 2192 1484 2256 tempora,
1530 2181 1692 2239 solus
1736 2182 1885 2241 eris:

573 2279 655 2335 Vt
697 2278 868 2354 lepus
911 2278 973 2336 in
1015 2278 1190 2337 variis
1232 2278 1465 2354 fugiens
1506 2296 1572 2338 se
1611 2278 1807 2337 munit
1848 2279 1910 2336 in
1952 2278 2127 2351 aruiS,

576 2376 750 2434 Errat
793 2384 855 2434 et
895 2375 957 2433 in
1001 2375 1164 2434 nulla
1205 2375 1349 2435 sede
1389 2385 1653 2434 moratur
1693 2394 1875 2435 amor.

573 2472 874 2547 Tempore
915 2472 1106 2531 creuit
1144 2490 1314 2531 amor
1351 2472 1618 2548 antiqu0,
1663 2481 1755 2532 set
1795 2473 2093 2532 resolutus

574 2570 690 2627 Vix
731 2570 878 2628 vltra
918 2588 1046 2646 quo
1086 2587 1247 2628 nunc
1289 2570 1694 2647 progrediatur
1734 2570 1917 2630 habet
1939 2592 1957 2629 :.

576 2666 737 2727 Illud
778 2667 1048 2727 amicicie
1091 2667 1401 2743 quondam
1440 2665 1781 2728 venerabile
1820 2685 2046 2727 nomen

575 2764 786 2839 Cessit,
831 2774 890 2825 et
931 2765 994 2824 in
1035 2775 1249 2842 questu
1291 2784 1400 2843 pro
1443 2766 1749 2826 meretrice
1791 2765 1978 2825 sedet.

573 2861 753 2923 Orbis
794 2863 1108 2923 honorifici
1151 2864 1387 2941 periunt
1427 2864 1698 2940 exempla
1739 2864 1963 2939 prioris,

575 2960 656 3019 Et
697 2959 881 3020 nichil
921 2972 1012 3021 est
1053 2962 1133 3021 de
1175 2980 1296 3039 quo
1337 2960 1456 3021 iam
1499 2962 1574 3021 sit
1613 2961 1897 3021 habenda
1937 2960 2105 3021 fides·
2516 2984 2615 3033 340

657 3060 836 3118 Nunc
875 3078 1045 3119 amor
1086 3069 1177 3119 est
1217 3060 1396 3132 soluS‚
1444 3077 1557 3119 nec
1598 3059 1777 3119 sentit
1820 3057 2041 3118 habere
2080 3058 2433 3130 secundum,

576 3157 751 3217 Stans
793 3158 1057 3234 odioque
1097 3155 1206 3216 tibi
1248 3156 1440 3233 diligit
1479 3158 1608 3233 ipse
1648 3167 1768 3216 tua.

578 3254 676 3314 Sic
717 3265 807 3313 est
847 3254 1015 3331 quod
1057 3272 1179 3313 non
1222 3263 1313 3313 est
1352 3255 1522 3330 lepus
1563 3264 1622 3312 et
1662 3253 1987 3330 leporarius
2026 3271 2207 3313 vnum
2233 3274 2253 3327 ;

577 3351 798 3411 Nescio
840 3351 1007 3428 quod
1049 3349 1242 3424 vide0,
1288 3368 1422 3409 sum
1463 3368 1662 3428 neque
1703 3369 1882 3410 cecus
1923 3369 2055 3428 eg0.

575 3448 686 3508 Est
727 3449 936 3509 odium
977 3466 1302 3509 commune
1342 3448 1545 3523 mod0,
1591 3458 1682 3509 set
1721 3467 1891 3509 amor
1931 3448 2099 3525 quasi
2140 3447 2303 3509 fenix

575 3547 689 3606 Per
729 3548 864 3607 loca
905 3547 1140 3608 deserta
1180 3546 1343 3607 solus
1385 3547 1446 3606 in
1488 3546 1636 3607 orbe
1675 3548 1835 3607 latet.

575 3644 686 3704 Est
727 3663 990 3705 nocuum
1032 3646 1250 3705 ferrum
1291 3644 1568 3722 ferroque
1609 3642 1936 3705 nocencius
1976 3662 2205 3717 aurum,

575 3742 764 3803 Cuius
805 3760 968 3802 nunc
1009 3741 1170 3803 bello
1211 3745 1488 3803 sternitur
1529 3744 1725 3803 omnis
1766 3744 1971 3803 homo,

576 3840 745 3915 Quid
785 3840 987 3914 mode,
1032 3858 1293 3918 cumque
1333 3859 1546 3901 manus
1588 3842 1872 3901 mentitur
1911 3841 2117 3902 dextra
2156 3839 2405 3913 sinistre,

579 3938 812 4010 Dicam,
857 3938 1153 4015 numquid
1194 3940 1382 3998 homo
1419 3938 1625 3999 credet
1664 3938 1728 3998 id
1768 3939 1897 4015 ipse
1938 3938 2097 3997 sibi?
2513 3961 2611 4014 350

575 4033 876 4097 Omnibus
916 4036 978 4093 in
1021 4036 1232 4109 causis,
1275 4036 1376 4095 vbi
1417 4036 1741 4096 commoda
1781 4044 1922 4095 sunt
1961 4052 2035 4095 ve
2075 4036 2366 4112 voluptas,

576 4133 756 4192 Nunc
797 4133 1016 4194 modus
1057 4143 1148 4193 est
1188 4152 1309 4210 que
1350 4133 1502 4193 fides
1542 4151 1667 4193 non
1708 4131 1991 4193 habuisse
2028 4133 2248 4195 fidem:

576 4232 794 4309 Sicque
835 4232 1058 4308 pedum
1101 4241 1294 4292 statue
1335 4231 1556 4309 duplex
1595 4232 1814 4292 variata
1856 4232 2041 4309 figura

577 4330 776 4405 Quam
817 4328 1009 4391 varios
1051 4330 1366 4389 hominum
1407 4330 1600 4407 signat
1640 4329 1701 4388 in
1744 4328 1889 4390 orbe
1929 4330 2120 4391 dolos.

1056 4456 1158 4505 350
1189 4443 1365 4494 credet
1392 4441 1684 4493 CEHGDL
1750 4441 1913 4494 credit
1934 4442 1974 4493 S
