3434 5142
846 439 970 482 ω
1075 402 1096 428 ““
1136 480 1143 490 ,
1346 401 1746 526 fflx
1805 411 2348 480 cLAMAan

1198 523 1343 562 ...f

1010 579 1177 637 Dum
1220 575 1405 636 Fraus
1448 592 1709 652 namque
1749 585 1922 634 vetus
1961 574 2272 652 componit
2314 574 2496 636 verba
2536 575 2764 648 dolosa,

1012 675 1526 736 Incircumventus
1568 673 1768 732 nullus
1805 671 1972 731 abire
2011 683 2242 749 potest:

900 775 919 793 ⁶
1008 773 1071 834 Si
1113 773 1351 850 sapiens
1392 772 1585 844 intrat,
1632 773 1818 830 Fraus
1859 780 1950 830 est
1991 769 2324 846 sapiencior
2363 770 2482 844 illo,

1011 873 1089 931 Et
1133 870 1180 931 si
1226 871 1437 931 stultus
1480 870 1605 942 init,
1650 869 1896 929 stulcior
1937 869 2078 928 inde
2119 868 2292 929 redit.

1088 970 1187 1030 Ad
1230 969 1495 1045 precium
1535 967 1788 1046 duplum
1832 969 2016 1027 Fraus
2057 967 2229 1043 ponit
2269 966 2516 1044 singula,
2559 966 2770 1028 dicens

1006 1067 1120 1141 Sic,
1172 1072 1187 1098 ‘
1211 1067 1305 1127 Ita
1347 1065 1605 1126 Parisius
1648 1065 1927 1125 Flandria
1967 1066 2096 1125 siue
2135 1063 2342 1125 dedit)
2465 1075 2472 1083 ·

1009 1165 1195 1240 Quod
1238 1165 1437 1224 minus
1478 1172 1570 1224 est
1612 1163 1675 1222 in
1714 1180 1780 1222 re
1820 1162 2058 1238 suplent
2099 1160 2365 1222 iurancia
2405 1161 2602 1236 verba,

1008 1265 1258 1340 Propter
1298 1262 1609 1323 denarium
1653 1261 1922 1321 vulnerat
1965 1260 2092 1336 ipsa
2133 1259 2354 1333 deum3
2949 1267 3056 1332 760

1008 1361 1167 1420 Nam
1210 1361 1393 1419 nichil
1434 1359 1497 1418 in
1541 1359 1740 1420 Cristo
1783 1355 2188 1418 membrorum
2229 1366 2374 1417 tunc
2413 1356 2765 1432 remanebit,

1009 1460 1173 1518 Dum
1218 1458 1563 1518 iuramentis
1607 1459 1792 1516 Fraus
1834 1473 1944 1516 sua
1983 1455 2149 1516 lucra
2189 1455 2356 1532 petit.

1010 1559 1150 1616 Hae
1191 1567 1281 1616 set
1322 1557 1385 1615 in
1424 1565 1549 1616 arte
1590 1565 1792 1614 tamen
1835 1572 1947 1614 nos
1987 1571 2131 1630 sepe
2172 1552 2388 1613 domos
2429 1550 2556 1614 sore
2597 1552 2806 1630 plenas

1007 1654 1343 1726 Cernimus,
1388 1665 1449 1714 et
1490 1654 1796 1731 proprium
1837 1653 1922 1712 nil
1963 1652 2184 1713 domus
2225 1650 2354 1728 ipsa
2393 1659 2601 1711 tenetz

1006 1753 1227 1830 Sicque
1267 1771 1373 1830 per
1413 1751 1730 1830 ypocrisim
1771 1751 1922 1812 ciuis
1962 1749 2250 1828 perquirit
2289 1749 2600 1824 honorem,

1007 1851 1151 1926 Quo
1190 1850 1501 1928 genuflexa
1540 1848 1748 1926 procul
1790 1849 1960 1926 plebs
2002 1846 2294 1908 valedicat
2335 1846 2390 1906 ei
2417 1868 2433 1908 ι

1007 1948 1245 2008 Accidit
1284 1948 1443 2008 vnde
1484 1947 1597 2008 sibi
1634 1947 1806 2025 quasi
1847 1947 2050 2006 furtim
2091 1945 2280 2006 maior
2321 1955 2382 2006 vt
2423 1945 2552 2021 ipse

1008 2049 1183 2106 Astat
1224 2047 1287 2106 in
1326 2045 1472 2108 vrbe
1512 2063 1638 2119 sua,
1680 2045 1788 2123 qui
1829 2047 2025 2106 minor
2063 2043 2350 2104 omnibus
2392 2052 2502 2103 est.

1008 2146 1113 2205 Set
1151 2163 1291 2204 cum
1332 2155 1570 2221 tempus
1611 2145 1720 2205 erit
1759 2161 1885 2221 quo
1927 2142 2156 2220 singula
2197 2141 2360 2202 nuda
2401 2140 2711 2218 patebunt,

1009 2243 1293 2303 Dedecus
1334 2244 1547 2303 euertit
1587 2243 1756 2319 quod
1795 2243 1982 2302 decus
2021 2249 2164 2300 ante
2202 2239 2350 2314 fuit3
2955 2259 3055 2314 7⁷0

1010 2341 1169 2400 Nam
1209 2359 1349 2400 cum
1392 2341 1649 2418 quisque
1690 2359 1867 2400 suum
1907 2339 2137 2416 repetit,
2183 2349 2328 2398 tunc
2368 2355 2588 2396 coruus
2627 2336 2880 2397 amictus

1008 2439 1270 2499 Alterius
1310 2440 1523 2516 pennis
1566 2438 1766 2498 nudus
1808 2449 1870 2498 vt
1908 2449 2048 2498 ante
2089 2437 2268 2497 volat.

1092 2539 1275 2597 Fraus
1314 2548 1376 2597 et
1414 2536 1495 2596 ab
1536 2534 1680 2597 vrbe
1718 2536 1884 2596 venit
1923 2545 2286 2612 campestres
2328 2550 2575 2611 querere
2613 2533 2800 2606 lanas,

1008 2633 1105 2693 Ex
1145 2631 1362 2712 quibus
1404 2634 1467 2692 in
1508 2635 1740 2710 stapula
1781 2645 1916 2710 post
1957 2644 2122 2711 parat
2162 2643 2296 2694 acta
2337 2649 2463 2692 sua.

1009 2731 1325 2808 Numquid
1366 2732 1502 2791 vina
1543 2731 1693 2809 petit
1736 2733 1921 2792 Fraus
1960 2750 2083 2809 que
2125 2730 2425 2792 Vasconia
2464 2728 2697 2807 gignit?

1010 2831 1155 2891 Hoc
1196 2830 1407 2891 dicunt
1446 2830 1651 2907 populi
1694 2830 1804 2890 rite
1845 2847 2064 2890 nocere
2105 2827 2262 2890 sibi:

1008 2929 1194 2988 Fraus
1234 2937 1438 2988 manet
1479 2928 1541 2987 in
1581 2928 1779 2996 doleo,
1822 2927 2000 2988 trahit
2039 2937 2100 2987 et
2139 2927 2265 2987 vult
2305 2926 2566 2986 vendere
2604 2924 2830 2998 vinum,

1008 3025 1285 3103 Sepeque
1326 3026 1405 3086 de
1443 3027 1627 3087 veteri
1667 3026 1912 3086 conficit
1953 3027 2082 3102 ipsa
2123 3042 2368 3084 nouum.

1008 3124 1193 3184 Fraus
1235 3125 1424 3183 eciam
1466 3142 1699 3201 pannos
1743 3125 1979 3199 vendet,
2022 3142 2176 3201 quos
2217 3123 2445 3182 lumine
2483 3121 2654 3180 fusco

1006 3221 1269 3285 Cernere
1308 3231 1369 3283 te
1409 3222 1600 3297 faciet,
1646 3232 1711 3282 tu
1755 3223 1942 3300 magis
1985 3222 2126 3282 inde
2167 3239 2352 3282 caue:
2955 3227 3050 3292 780

1008 3320 1324 3381 Discernat
1362 3331 1571 3395 tactus
1616 3320 1717 3380 vbi
1757 3321 1973 3380 fallunt
2013 3319 2240 3380 lumina
2279 3319 2458 3392 visuS,

1007 3413 1105 3472 Ne
1146 3424 1207 3473 te
1248 3415 1581 3490 pannificus
1622 3414 1854 3475 fraudet
1892 3415 1958 3474 in
1995 3425 2123 3473 arte
2163 3413 2354 3474 dolus·

1006 3511 1183 3572 Absit
1224 3512 1387 3572 enim
1430 3512 1659 3589 species
1700 3513 1836 3590 quis
1877 3512 2097 3572 vendat
2140 3511 2374 3572 Fraude
2415 3519 2688 3588 negante,

1007 3611 1296 3687 Dumque
1336 3611 1459 3670 suis
1497 3610 1697 3670 mixtis
1737 3611 1842 3671 dat
1880 3620 2142 3670 veterata
2183 3609 2396 3684 nouis3

1008 3707 1287 3767 Decimat
1328 3708 1390 3766 in
1431 3708 1603 3767 lance
1644 3707 1776 3780 sibi,
1820 3718 2046 3784 partem
2088 3723 2352 3785 sepeque
2389 3715 2620 3768 sextam

1005 3803 1281 3865 Pondere
1322 3802 1527 3865 subtili
1570 3805 1756 3863 Fraus
1793 3805 1954 3881 capit
1997 3805 2126 3881 ipsa
2165 3804 2296 3865 sibi.

908 4001 1029 4058 Hic
1052 4004 1332 4073 loquitur
1352 4007 1623 4062 vitei-ius
1645 4005 1956 4075 quomodo
1982 4005 2182 4062 From
2205 4005 2465 4075 singula
2487 4004 2763 4062 artificia.
2791 4015 3042 4060 necnon

840 4095 909 4147 et
927 4092 1107 4147 vrbis
1130 4093 1438 4149 victualia
1460 4095 1816 4164 vbictmque
1841 4111 1962 4150 sua
1984 4095 2200 4162 subtili
2224 4093 2652 4164 disposicione
2675 4092 3006 4162 gubernat.

594 4210 789 4289 Capm.
821 4212 963 4274 xiiii.
1085 4213 1318 4273 Nolunt
1356 4213 1611 4276 artifices
1656 4215 1906 4276 Fraudis
1947 4214 2254 4292 deponere
2292 4214 2470 4292 leges,

902 4339 997 4389 775
1042 4325 1207 4389 gignit
1230 4327 1415 4376 CEDL
1482 4329 1689 4390 gingnit
1723 4329 1818 4379 ΒΗ
2092 4331 2188 4393 785
2235 4329 2336 4380 sibi
2359 4326 2584 4381 SEHH·
2673 4327 2814 4378 fraus
2845 4325 3040 4379 CGDL

836 4406 934 4468 786
980 4405 1121 4456 fraus
1141 4406 1278 4468 capit
1301 4404 1527 4456 SEHH·
1590 4407 1803 4470 surripit
1823 4407 2015 4458 CGDL
