3434 5142
899 475 1369 541 CAPITULA
1426 474 1686 541 LIBRI
1749 477 2114 556 QUARTI
2634 496 2662 541 1
2677 496 2706 540 1

628 635 885 697 Moniali
933 634 1049 696 sub
1096 654 1265 697 sacre
1309 636 1611 713 religionis
1656 638 1792 699 velo
1839 638 2270 715 professionem
2319 637 2711 715 suscipientes

628 734 854 795 ordinis
882 733 975 793 sui
1000 733 1445 795 continenciam
1474 754 1597 797 non
1624 734 1964 797 obseruant.

298 832 499 910 Capm.
530 832 671 893 xiiii.
716 833 843 891 Hic
906 832 1171 909 loquitur
1232 833 1483 911 qualiter
1536 834 1820 895 ordinarii
1875 851 1946 894 ex
2001 850 2110 894 sua
2171 832 2534 907 visitacione,
2590 852 2712 911 qua

628 928 906 989 mulieres
934 927 1219 1007 religione
1244 931 1467 991 velatas
1495 948 1561 992 se
1588 930 1800 992 dicunt
1825 931 2134 1009 corrigere,
2165 931 2324 1009 ipsas
2351 931 2709 992 multociens

629 1026 892 1086 efficiunt
922 1026 1263 1087 deteriores.

298 1124 503 1199 Capm.
534 1140 627 1182 xv.
672 1124 799 1182 Hic
838 1122 1103 1200 loquitur
1143 1124 1223 1185 de
1262 1124 1547 1186 castitatis
1587 1124 2142 1200 commendacione,
2188 1144 2307 1204 que
2347 1125 2605 1187 maxime
2645 1126 2707 1185 in

627 1219 913 1298 religione
942 1218 1287 1282 mulieribus
1314 1222 1596 1284 convenit
1622 1224 1922 1300 professis.

298 1392 501 1471 Capm.
534 1390 647 1453 xvi.
692 1394 1019 1470 Postquam
1060 1396 1335 1456 tractauit
1377 1395 1456 1457 de
1494 1396 1606 1456 illis
1648 1395 1751 1474 qui
1790 1396 1852 1456 in
1891 1396 2173 1474 religione
2214 1396 2577 1474 possessoria
2617 1394 2710 1457 sui

630 1491 856 1551 ordinis
885 1492 1314 1568 professionem
1354 1494 1685 1568 offendunt,
1717 1493 2041 1555 dicendum
2071 1504 2161 1555 est
2203 1494 2321 1553 iam
2349 1492 2427 1555 de
2456 1493 2568 1553 illis
2606 1493 2710 1572 qui

631 1598 825 1648 errant
866 1588 928 1647 in
970 1590 1180 1651 ordine
1220 1590 1463 1650 fratrum
1514 1590 2035 1667 mendicancium3
2096 1600 2155 1653 et
2196 1591 2389 1669 primo
2430 1591 2590 1652 dicet
2630 1591 2710 1651 de

633 1684 747 1745 hiis
774 1687 878 1763 qui
908 1686 1024 1747 sub
1052 1688 1190 1749 ficte
1216 1689 1579 1765 paupertatis
1605 1687 1816 1748 vmbra
1850 1698 2083 1749 terrena
2111 1688 2274 1749 lucra
2300 1690 2709 1767 conspirantes

631 1783 801 1858 quasi
828 1784 1021 1843 tocius
1050 1782 1259 1845 mundi
1291 1784 1625 1845 dominium
1654 1784 2060 1865 subiugarunt.

303 1876 506 1954 Capm.
540 1878 675 1938 xvii.
724 1879 847 1938 Hic
874 1878 1139 1957 loquitur
1164 1882 1242 1943 de
1268 1880 1545 1943 fratribus
1575 1883 1704 1956 illis,
1735 1882 1840 1961 qui
1867 1902 1972 1961 per
1997 1882 2314 1961 ypocrisim
2343 1880 2710 1959 predicando

632 1976 838 2054 populi
867 1988 1112 2053 peccata
1151 1976 1394 2055 publice
1420 1980 1859 2058 redarguentes,
1890 1979 2204 2042 blandiciis
2233 1990 2433 2041 tamen
2463 1990 2522 2039 et
2550 1978 2710 2040 volu-

631 2072 895 2149 ptatibus
922 2074 1198 2136 clanculo
1226 2076 1587 2137 deseruiunt.

303 2168 505 2245 Capu.
536 2170 695 2231 xviii.
742 2172 867 2231 Hic
905 2173 1169 2250 loquitur
1214 2173 1295 2234 de
1341 2171 1617 2234 fratribus
1664 2174 1797 2248 illis,
1845 2174 1947 2252 qui
1993 2183 2234 2251 propter
2279 2171 2458 2233 huius
2497 2173 2709 2233 mundi

628 2267 869 2341 samam,
902 2279 961 2330 et
989 2268 1157 2347 quod
1183 2270 1296 2349 ipsi
1326 2272 1534 2345 eciam,
1567 2271 1736 2350 quasi
1765 2270 1844 2333 ab
1871 2271 2096 2334 ordinis
2125 2272 2216 2331 sui
2245 2270 2386 2349 iugo
2423 2270 2702 2347 exempti,

630 2364 711 2427 ad
759 2365 1166 2427 confessiones
1210 2368 1543 2429 audiendas
1591 2369 1894 2446 digniores
1937 2368 2282 2442 efficiantur,
2332 2385 2596 2427 summas
2645 2366 2707 2426 in

633 2464 834 2523 studio
862 2464 1024 2524 scole
1052 2465 1364 2525 cathedras
1390 2467 1687 2527 affectant.

300 2558 501 2637 Capu.
534 2559 649 2621 xix.
694 2560 821 2621 Hic
848 2561 1110 2639 loquitur
1136 2562 1389 2641 qualiter
1417 2564 1511 2625 isti
1540 2565 1748 2625 fratres
1776 2562 2110 2625 inordinate
2132 2564 2403 2625 viuentes
2423 2562 2503 2624 ad
2524 2560 2712 2623 eccle-

632 2658 720 2719 sie
749 2658 925 2721 Cn’sti
954 2660 1217 2738 regimen
1251 2680 1373 2720 non
1402 2672 1541 2722 sunt
1568 2661 1901 2741 aliqualiter
1929 2662 2258 2723 necessarii.

300 2756 499 2833 Capm.
530 2774 625 2817 xx.
672 2757 796 2817 Hic
822 2758 1085 2835 loquitur
1121 2759 1371 2837 qualiter
1399 2760 1491 2819 isti
1530 2760 1737 2819 fratres
1775 2759 2110 2820 inordinate
2135 2760 2410 2820 viuentes
2428 2756 2514 2818 ad
2551 2774 2712 2817 com-

630 2872 815 2916 mune
842 2854 1071 2915 bonum
1098 2856 1271 2917 Vtiles
1298 2857 1631 2935 aliqualiter
1659 2875 1784 2917 non
1813 2856 2090 2917 existunt.

304 2949 505 3029 Capu.
537 2950 652 3012 xxi.
699 2952 823 3012 Hic
860 2952 1123 3031 loquitur
1148 2952 1227 3014 de
1254 2954 1530 3015 fratribus
1558 2955 1689 3029 illis,
1721 2956 1824 3032 qui
1855 2956 2125 3015 incautos
2151 2972 2368 3031 pueros
2397 2952 2570 3013 etatis
2595 2950 2712 3011 dis-

630 3049 966 3111 crecionem
988 3069 1113 3111 non
1136 3049 1427 3114 habentes
1447 3052 1511 3115 in
1531 3053 1624 3113 sui
1645 3052 1872 3114 ordinis
1891 3052 2322 3130 professionem
2339 3049 2712 3111 attractando

632 3147 947 3226 colloquiis
974 3147 1213 3210 blandis
1243 3148 1647 3227 multipliciter
1673 3150 2016 3228 illaqueant.

302 3244 507 3321 Capm.
539 3244 676 3304 xxii.
721 3246 848 3304 Hic
875 3246 1139 3323 loquitur
1176 3244 1256 3308 de
1298 3248 1617 3325 Apostazia
1656 3248 1900 3307 fratrum
1943 3245 2168 3308 ordinis
2210 3243 2710 3316 mendicancium,

632 3343 911 3420 precipue
944 3343 1025 3404 de
1065 3344 1158 3404 his
1190 3344 1295 3422 qui
1337 3340 1450 3404 sub
1480 3346 1618 3404 ficta
1658 3344 1944 3421 ypocrisis
1976 3342 2353 3419 simplicitate
2385 3340 2556 3419 quasi
2582 3340 2712 3399 vni-

636 3455 942 3500 uersorum
982 3442 1195 3504 Curias
1236 3452 1582 3519 magnatum
1621 3439 1992 3515 subuertunt,
2025 3450 2085 3501 et
2121 3436 2548 3499 inestimabiles
2589 3436 2712 3497 suis

632 3534 863 3597 ficticiis
890 3539 1202 3616 sepissime
1228 3549 1477 3599 causant
1498 3557 1738 3600 errores.

299 3635 501 3712 Capu.
534 3634 691 3694 xxiii.
738 3636 862 3695 Hic
899 3636 1162 3713 loquitur
1188 3638 1441 3714 qualiter
1466 3638 1563 3697 isti
1591 3636 1796 3697 fratres
1833 3635 2247 3696 mendicantes
2285 3632 2578 3693 mundum
2606 3633 2713 3692 eir·

632 3732 895 3794 cuiendo
922 3733 1359 3813 amplioresque
1386 3734 1696 3813 querendo
1718 3733 1963 3795 delicias
1991 3732 2069 3794 de
2095 3730 2232 3792 loco
2261 3731 2322 3791 in
2350 3730 2549 3790 locum
2571 3750 2713 3791 cum

636 3829 773 3890 ocio
827 3848 893 3892 se
947 3832 1322 3892 transferunt.
1411 3832 1705 3910 Loquitur
1757 3832 1948 3891 eciam
2005 3830 2083 3891 de
2137 3828 2450 3906 superfluis
2504 3846 2711 3890 eorum

634 3928 901 4003 edificiis,
934 3947 1054 4007 que
1082 3929 1251 4007 quasi
1278 3929 1359 3990 ab
1385 3929 1563 3990 huius
1590 3928 1774 3990 seculi
1803 3926 2250 4005 potencioribus
2278 3928 2424 3988 vltra
2461 3926 2712 3987 modum

630 4024 887 4087 delicate
914 4036 1356 4089 construuntur.

302 4124 507 4201 Capm.
542 4122 719 4184 xxiiii.
765 4124 889 4183 Hic
952 4124 1217 4202 loquitur
1282 4124 1549 4203 qualiter,
1619 4142 1744 4185 non
1807 4122 2004 4183 solum
2068 4120 2130 4181 in
2195 4120 2406 4183 ordine
2469 4120 2712 4180 fratrum

632 4220 1118 4283 mendicancium
1160 4232 1251 4283 set
1291 4222 1481 4284 eciam
1532 4222 1597 4281 in
1644 4221 1890 4298 singulis
1937 4220 2077 4281 cleri
2123 4216 2423 4297 gradibus,
2475 4234 2548 4279 ea
2595 4232 2713 4295 que

368 4384 527 4448 After
544 4384 670 4448 Cap.
694 4400 763 4433 xv
786 4400 853 4435 no
872 4392 1013 4449 space
1029 4384 1223 4436 CEGD
1412 4384 1503 4435 xix
1524 4384 1557 4435 f.
1590 4384 1656 4433 ad
1680 4383 2207 4434 ecclesie—viuentes
2230 4396 2332 4432 om.
2361 4381 2408 4432 D
2571 4394 2656 4429 xx.
2683 4393 2716 4429 a

300 4462 563 4527 aqualiter
586 4461 625 4513 S
820 4462 965 4516 xxiii.
990 4478 1015 4513 1
1052 4463 1387 4515 circuieundo
1410 4462 1453 4515 C
1518 4462 1888 4515 circumeundo
1911 4460 1962 4511 D
