3434 5142
1126 473 1412 538 LIBER
1470 474 1904 553 QUINTUS
2493 495 2614 556 207

576 638 783 697 Artem
826 638 1129 714 prevideat
1170 656 1351 715 quam
1396 637 1557 714 prius
1598 636 1728 713 ipse
1768 635 1958 697 cadat.

578 735 742 794 Dum
786 736 932 796 freta
974 737 1297 795 mitescunt
1338 745 1399 795 et
1438 753 1607 794 amor
1649 736 1796 795 dum
1838 744 2132 811 temporat
2174 753 2363 806 vsum,

576 834 752 891 Tunc
794 834 946 893 inter
987 833 1253 894 medium
1298 833 1373 893 sit
1415 833 1756 909 cuperanda
1797 833 1973 892 salus,
2087 827 2091 832 ’

577 930 800 989 Vinces
842 931 891 989 si
933 931 1138 1008 fugias,
1185 930 1437 990 vinceris
1480 931 1651 1007 sique
1692 930 1966 1005 resistas3

580 1029 675 1086 Ne
716 1029 813 1088 leo
854 1029 1122 1101 vincariS‚
1167 1039 1230 1087 tu
1272 1029 1443 1105 lepus
1484 1046 1625 1106 ergo
1666 1028 1829 1112 fuge.-

578 1126 827 1185 Femina
868 1144 981 1185 nec
1022 1127 1291 1186 flammas
1333 1144 1448 1186 nec
1489 1145 1665 1186 seuos
1708 1127 1912 1204 effugit
1952 1144 2166 1202 arcus;

580 1223 721 1298 Quo
762 1224 950 1300 magis
992 1234 1083 1284 est
1124 1223 1357 1301 fragilis,
1400 1225 1591 1284 acrior
1630 1224 1785 1302 ignis
1825 1223 1975 1285 erit:

574 1323 777 1397 thue
820 1321 975 1380 viros
1016 1322 1228 1382 mulier
1267 1321 1431 1395 fallit,
1476 1322 1562 1382 sic
1602 1322 1688 1381 vir
1731 1322 2022 1396 muliereS‚

577 1420 741 1478 Dum
783 1407 1063 1496 &ulpinus
1102 1437 1271 1480 amor
1311 1417 1493 1479 verba
1532 1420 1738 1495 lupina
1779 1419 1955 1479 canit.
2514 1439 2613 1476 220

576 1518 802 1578 Fallere
843 1517 1187 1578 credentem
1230 1537 1351 1578 non
1396 1527 1485 1578 est
1526 1517 1826 1577 laudanda
1867 1517 2126 1593 puellam

574 1616 795 1688 Gloria,
840 1627 931 1676 set
970 1615 1117 1676 false
1158 1616 1529 1676 condicionis
1572 1634 1742 1691 opus·
1861 1681 1953 1691 h„
1978 1681 2027 1719 Ἴ

570 1713 679 1773 Est
718 1733 812 1772 ars
855 1713 1018 1773 nulla
1059 1714 1166 1772 viri
1208 1714 1458 1774 Veneris
1502 1713 1776 1773 subtilior
1816 1723 1962 1787 arte,
2023 1722 2034 1789 ἱ,

580 1812 718 1886 Qua
759 1829 867 1871 sua
908 1811 1035 1871 iura
1076 1821 1239 1889 petat
1278 1823 1404 1872 arte
1445 1813 1777 1889 perhennat
1817 1829 2034 1897 among

2006 1930 2034 1941 —d

483 2045 604 2102 Hic
632 2047 907 2115 loquitur
944 2047 1128 2114 quod,
1152 2046 1263 2101 vbi
1297 2046 1364 2100 in
1396 2047 1595 2102 milite
1618 2046 1946 2100 mulierum
1978 2046 2344 2101 dominatur
2381 2049 2617 2101 amoris

414 2136 737 2204 voluptati,
759 2150 1008 2190 omnem
1032 2135 1099 2188 in
1122 2150 1199 2189 eo
1225 2149 1382 2189 vere
1406 2135 1747 2201 probitatis
1768 2133 2066 2188 miliciam
2094 2135 2428 2202 extinguit.

196 2261 399 2334 Capm.
430 2258 528 2316 iiii.

658 2257 798 2316 Non
841 2255 957 2315 sibi
998 2255 1215 2316 vulnus
1256 2254 1439 2316 habet
1480 2256 1651 2316 miles
1692 2255 1990 2332 probitate
2032 2255 2242 2316 timere

578 2355 879 2431 CorporiS,
924 2365 987 2414 vt
1029 2354 1240 2414 mundi
1284 2355 1412 2414 laus
1453 2355 1530 2413 sit
1570 2352 1852 2414 habenda
1893 2355 2024 2429 sibi,

574 2453 839 2513 Vulnera
882 2452 989 2511 sed
1030 2452 1249 2512 mentis
1292 2453 1515 2526 timeat,
1560 2470 1742 2529 quam
1785 2470 1929 2512 ceca
1970 2453 2242 2529 voluptas

574 2551 726 2610 Tela
766 2569 876 2628 per
916 2550 1099 2627 ignita
1140 2568 1265 2609 non
1308 2550 1667 2610 medicanda
1708 2551 1854 2610 ferit.

574 2649 838 2710 Vulnera
878 2665 1165 2724 corporea
1205 2659 1505 2722 sanantur,
1550 2659 1641 2708 set
1684 2648 1817 2724 quis
1857 2666 2060 2708 amore

579 2749 863 2824 Languet‚
909 2766 1050 2809 eum
1092 2765 1303 2807 sanum
1348 2765 1473 2806 non
1515 2747 1806 2806 Galienus
1848 2756 2018 2824 aget:
2521 2767 2617 2817 230

580 2847 897 2906 Femineos
939 2864 1134 2906 mores
1176 2853 1375 2906 teneat
1417 2845 1467 2905 si
1508 2845 1697 2919 mileS,
1741 2844 1932 2905 abibit

576 2943 899 3020 Orphanus
939 2962 975 3003 a
1015 2945 1197 3021 stirpe
1236 2942 1564 3004 nobilitatis
1606 2943 1815 3002 honor.

575 3042 741 3100 Dum
784 3041 1020 3118 sapiens
1062 3042 1233 3102 miles
1274 3040 1445 3118 quasi
1486 3040 1708 3100 stultus
1748 3050 1811 3099 et
1852 3039 2172 3099 infatuatus

577 3138 801 3199 Incidit
842 3139 905 3197 in
946 3141 1226 3215 speciem,
1271 3138 1430 3198 fama
1468 3136 1750 3214 relinquit
1790 3154 1965 3196 eum:

576 3237 743 3296 Dum
783 3238 1033 3296 carnalis
1073 3256 1242 3297 arnor
1281 3237 1550 3295 animum
1594 3245 1758 3296 tenet
1799 3235 2200 3312 illaqueatum,

575 3334 809 3394 Sensati
850 3334 1009 3393 racio
1050 3334 1117 3393 fit
1156 3333 1410 3393 racionis
1451 3351 1669 3410 egens:

576 3433 741 3492 Dum
784 3430 955 3492 iubar
995 3430 1241 3491 humani
1282 3450 1494 3492 sensus
1535 3432 1798 3491 fuscatur
1838 3431 1900 3489 in
1941 3430 2156 3492 umbra

575 3529 804 3602 Carni3‚
849 3540 911 3590 et
952 3531 1014 3588 in
1056 3547 1295 3589 carnem
1340 3548 1511 3590 mens
1552 3529 1808 3589 racionis
1848 3528 1988 3602 abit,

576 3627 753 3687 Stans
794 3627 1055 3686 hominis
1096 3627 1257 3688 racio
1298 3628 1525 3687 calcata
1564 3646 1671 3705 per
1712 3627 1917 3688 omnia
1959 3626 2121 3686 carni

574 3725 787 3798 Serust,
830 3735 891 3785 et
930 3725 1145 3784 ancille
1185 3725 1281 3784 vix
1326 3735 1488 3785 tenet
1531 3725 1659 3802 ipsa
1700 3726 1920 3785 locum.
2519 3745 2618 3798 240

657 3823 760 3882 Set
800 3831 1001 3883 tamen
1044 3823 1107 3882 in
1148 3823 1320 3883 lance
1362 3841 1486 3883 non
1529 3823 1822 3900 ponderat
1865 3820 2146 3882 omnibus
2187 3840 2358 3899 eque,

490 3981 503 3994 ,
575 3920 725 3980 Nec
766 3920 870 3980 dat
911 3921 1210 3998 condigna
1252 3922 1475 3999 premia
1516 3940 1694 3981 cecus
1735 3939 1939 3981 amor:

576 4019 752 4078 Pellit
792 4017 871 4078 ab
914 4019 1112 4079 officio
1154 4019 1285 4080 sine
1324 4038 1505 4079 causa
1546 4038 1689 4097 sepe
1731 4019 1957 4092 fideles,

579 4115 934 4193 Infidosque
974 4134 1085 4176 suo
1126 4134 1269 4193 sepe
1309 4116 1415 4176 dat
1454 4133 1587 4176 esse
1626 4117 1800 4177 loco:

578 4214 853 4290 Denegat
896 4214 1023 4290 ipse
1067 4214 1247 4272 michi
1289 4213 1519 4274 donum
1562 4214 1930 4291 quandoque
1971 4214 2240 4287 merenti,

574 4311 825 4390 Absque
868 4320 1013 4372 nota
1054 4310 1246 4372 meriti
1288 4311 1455 4387 quod
1496 4311 1665 4372 dabit
1706 4313 1835 4390 ipse
1875 4310 2022 4374 tibi:

1012 4481 1109 4530 213
1142 4472 1395 4530 temporat
1418 4465 1559 4516 SGD
1624 4471 1819 4532 tempat
1840 4465 2034 4517 CEHL
