3434 5142
1118 480 1404 544 LIBER
1460 481 1931 547 SEPTIMUS
2502 503 2626 565 273

590 642 670 700 Et
710 640 1067 701 clauduntur
1107 659 1178 702 &a
1219 641 1359 701 cleri
1400 634 1798 703 communiter
1836 661 1959 713 ora,

590 738 777 815 Quod
817 739 1025 816 nequit
1065 740 1196 816 ipse
1235 740 1420 800 modo
1461 741 1710 816 psallere
1751 752 1890 801 vota
1930 741 2066 802 deo·

589 835 933 897 Concilium
973 837 1219 896 Balaam
1260 854 1372 897 nos
1413 836 1553 896 vicit
1592 856 1699 914 per
1740 838 2033 911 muliereS,

587 934 769 995 Vnde
807 934 925 995 deo
967 945 1137 995 moto
1176 934 1346 1012 plebs
1387 953 1496 995 sua
1535 953 1752 1011 quassa
1790 936 1957 1012 perit.

589 1032 793 1091 Altera
833 1043 924 1091 set
965 1050 1144 1092 causa
1187 1051 1349 1092 nunc
1389 1034 1672 1109 temporis
1713 1044 1867 1093 astat
1907 1052 2103 1103 auara,

595 1130 735 1205 Que
775 1130 942 1189 fouet
984 1130 1267 1191 invidiam
1309 1148 1544 1208 semper
1583 1132 1646 1190 in
1687 1130 1835 1191 orbe
1876 1149 2114 1191 nouam.
2557 1156 2624 1207 30

588 1228 728 1288 Hec
766 1228 994 1305 predat,
1036 1239 1278 1305 pugnat.
1321 1228 1541 1289 occidit
1581 1230 1827 1306 iuraque
1869 1229 2055 1302 falsat,

588 1325 776 1401 Quod
815 1325 1024 1402 nequit
1062 1344 1100 1385 a
1139 1324 1299 1386 bello
1341 1344 1456 1403 pax
1496 1328 1765 1387 reuenire
1806 1345 1956 1387 suo:

589 1422 863 1483 Exterius
905 1422 1136 1483 domini
1177 1432 1431 1483 tractant
1471 1422 1636 1484 bona
1674 1423 1841 1500 pacis
1879 1424 2059 1495 auari,

591 1519 696 1581 Set
734 1530 937 1580 tamen
979 1520 1224 1580 interius
1264 1530 1422 1580 stant
1463 1521 1578 1581 sibi
1618 1520 1777 1581 bella
1818 1521 1996 1599 prius.

590 1618 758 1677 Dum
800 1618 1016 1693 poterit
1055 1636 1262 1695 guerra
1302 1619 1437 1694 plus
1478 1636 1628 1695 pace
1669 1621 1994 1681 recondere
2031 1619 2211 1692 lucra,

591 1715 798 1776 Nescit
837 1714 1092 1775 auaricia
1132 1716 1295 1792 pacis
1333 1734 1535 1776 amare
1573 1714 1777 1777 bona:
2062 1720 2069 1727 '

588 1814 721 1874 Nec
762 1813 902 1873 sinit
941 1814 1164 1874 invidia
1203 1823 1305 1874 tua
1345 1823 1407 1875 te
1447 1815 1630 1873 michi
1671 1815 1823 1875 ferre
1861 1815 2081 1893 quieta,

589 1910 860 1970 Lacrima
901 1928 1162 1987 namque
1203 1929 1338 1970 mea
1379 1912 1532 1972 ridet
1572 1912 1636 1971 in
1676 1930 1819 1972 aure
1860 1922 1980 1973 tua„

591 2008 694 2068 Nil
735 2008 843 2067 tibi
885 2008 935 2068 si
976 2008 1233 2085 populus
1275 2010 1516 2085 plangat
1555 2028 1664 2069 sua
1705 2010 1969 2087 dampna
2009 2007 2308 2083 subactus,

589 2106 756 2165 Dum
797 2123 1120 2165 commune
1159 2106 1385 2166 malum
1425 2106 1531 2165 dat
1571 2105 1682 2166 tibi
1723 2108 1873 2167 ferre
1913 2109 2164 2167 lucrum.
2555 2128 2623 2178 40

671 2203 770 2263 Sic
810 2214 872 2263 et
912 2204 1168 2263 auaricia
1208 2222 1522 2280 procerum
1563 2222 1630 2265 se
1669 2206 1929 2266 subdere
1970 2205 2153 2266 corda

592 2302 772 2376 Dicit,
817 2312 878 2362 et
917 2301 1002 2361 hii
1043 2302 1252 2362 dicunt
1291 2300 1716 2381 subdereliura
1757 2304 2001 2364 volunt:

588 2398 689 2459 Sic
729 2398 926 2459 honor
964 2398 1258 2476 ingenuus
1300 2399 1587 2459 descessit
1627 2400 1819 2460 victus
1858 2401 1937 2461 ab
1978 2420 2140 2472 auro,

591 2497 693 2558 Ad
733 2498 868 2557 loca
906 2497 1138 2557 iusticie
1177 2516 1293 2557 nec
1331 2498 1598 2558 revenire
1639 2498 1879 2560 studet:

591 2594 691 2655 Sic
728 2604 895 2672 patet
933 2594 1249 2671 ydropicus
1291 2612 1674 2655 nummorum
1713 2606 1921 2672 gustus
1961 2596 2122 2655 anari
2146 2615 2165 2670 ;

587 2694 755 2753 Dum
795 2692 968 2765 bibit,
1010 2693 1153 2753 inde
1193 2693 1317 2752 sitis
1358 2694 1585 2770 appetit
1624 2695 1753 2770 ipsa
1794 2695 2015 2771 magis:

586 2793 687 2853 Sic
725 2810 941 2853 census
983 2808 1106 2851 non
1147 2791 1318 2851 diues
1359 2790 1558 2865 habet,
1603 2802 1694 2853 set
1734 2789 1987 2853 habetur
2026 2790 2105 2853 ab
2146 2791 2305 2870 ipsiS,

586 2890 686 2950 Sic
725 2890 1008 2950 dominus
1047 2908 1223 2950 seruo
1263 2890 1445 2949 seruit
1485 2900 1546 2950 et
1585 2890 1713 2967 ipse
1756 2908 1905 2952 suo:

588 2987 687 3048 Sic
727 2988 887 3065 viget
925 2988 1054 3065 ipse
1095 2988 1236 3047 foris
1276 2987 1465 3061 diueS‚
1510 2997 1712 3047 tamen
1756 2989 1914 3049 intus
1957 3006 2217 3066 egenus;

581 3085 687 3145 Sic
725 3084 909 3145 habet
950 3086 1078 3162 ipse
1117 3085 1319 3158 nichil,
1365 3085 1511 3145 dum
1553 3085 1738 3144 nichil
1780 3104 1962 3146 omne
2000 3094 2186 3163 putat.
2556 3106 2621 3160 50

586 3183 775 3244 Saxea
813 3184 1070 3244 duricies
1111 3184 1451 3259 mentisque
1489 3182 1819 3257 liquescere
1858 3183 2064 3259 nescit,

588 3282 720 3342 Nec
760 3282 996 3358 pietatis
1036 3300 1154 3358 ope
1193 3281 1441 3342 soluitur
1482 3279 1624 3339 inde
1663 3281 1840 3356 gelu:

587 3379 870 3457 Pauperis
913 3379 974 3438 in
1014 3379 1271 3438 lacrimis
1312 3377 1560 3451 deridet,
1603 3378 1852 3455 vultque
1891 3378 2096 3439 labore

586 3478 870 3555 Pauperis
911 3476 1178 3553 oppressi
1219 3475 1370 3535 ferre
1410 3475 1612 3552 quieta
1653 3474 1785 3535 sibi.

587 3573 686 3634 Sic
728 3574 949 3635 etenim
993 3573 1256 3634 nummis
1296 3573 1530 3632 animus
1574 3573 1857 3649 sepelitur
1894 3572 2095 3646 auari3

589 3673 728 3733 Hos
769 3670 951 3733 habet
991 3672 1120 3749 ipse
1158 3671 1324 3745 deoe,
1369 3688 1484 3731 nec
1525 3671 1636 3730 scit
1675 3670 1898 3731 habere
1939 3670 2141 3731 deum.

476 3852 614 3947 'Hic
637 3892 913 3961 loquitur
941 3895 1168 3946 contra
1193 3891 1356 3946 istos
1384 3905 1614 3945 auaros
1651 3890 1825 3945 omni
1860 3890 2028 3945 ferro
2064 3890 2129 3942 in
2166 3888 2289 3944 hoc
2326 3889 2621 3958 precipue

423 3981 708 4049 tempore
732 3979 1037 4044 duriores,
1062 3993 1322 4047 quorum
1345 3979 1590 4045 diuicie,
1617 3978 1747 4032 nisi
1772 3977 2245 4047 participentur,
2268 3978 2521 4045 nullius,
2544 3982 2619 4033 vt

424 4066 597 4133 dicit,
624 4070 900 4137 possunt
921 4082 1066 4122 esse
1087 4068 1352 4121 valoris.

253 4189 454 4266 Capm.
484 4187 542 4249 ii.
671 4189 856 4248 Heu!
911 4187 1063 4265 quid
1103 4205 1249 4264 opes
1288 4185 1506 4264 opibus
1545 4187 1811 4246 cumulat
1852 4187 1955 4263 qui
1996 4186 2232 4264 propria
2271 4188 2485 4265 querit,

588 4286 747 4349 Cum
788 4304 854 4347 se
895 4304 1078 4348 nemo
1119 4296 1298 4364 queat
1337 4284 1716 4362 appropriare
1758 4284 1915 4344 sibi?

491 4482 554 4529 27
589 4465 873 4518 Consilium
895 4466 1142 4518 CEHDL
1271 4480 1336 4529 ⁴3
1369 4463 1624 4516 descessit
1641 4464 1789 4517 SHG
1848 4463 2102 4517 desceseit
2125 4469 2168 4520 Ι.
2228 4465 2455 4517 decessit
2477 4465 2619 4517 CED

504 4548 647 4586 *u*
1494 4568 1536 4612 Τ
