3434 5142
863 445 986 507 352

1275 417 1666 487 CARMEN
1728 417 2041 484 SUPER
2099 414 2655 484 MULTIPLICI

1027 585 1109 644 Et
1149 582 1395 660 speculo
1435 580 1642 641 mortis
1683 577 1913 659 respice
1951 577 2145 657 qualis
2184 577 2337 640 eris:
2994 601 3109 638 πο

1027 681 1254 743 Oscula
1291 681 1444 740 fetor
1484 687 1673 752 erunt,
1715 680 2025 757 amplexus
2064 677 2305 752 vermiS,
2344 689 2407 739 et
2446 695 2630 738 omne
3010 677 3015 682 ’

1025 779 1212 857 Quod
1251 779 1441 838 fuerat
1481 776 1801 857 placidum,
1844 795 2004 855 pena
2042 777 2301 838 resoluet
2342 795 2513 854 opus.

1026 873 1304 950 Occupat
1339 881 1606 932 extrema
1645 873 1963 932 stultorum
2002 869 2222 948 gaudia
2260 872 2473 942 luctus,

1027 972 1108 1031 Et
1147 967 1332 1030 risum
1373 968 1616 1030 lacrima
1655 969 1851 1047 plena·
1874 969 2086 1028 dolore
2124 969 2366 1030 madet:
2672 1009 2681 1016 -

1025 1069 1199 1128 Vana
1239 1069 1398 1128 salus
1437 1065 1716 1138 hominis,
1761 1085 1943 1143 quam
1984 1065 2263 1126 terminat
2301 1083 2441 1144 egra
2478 1066 2768 1144 voluptas,

1025 1166 1212 1228 Tollit
1252 1176 1313 1227 et
1353 1175 1622 1225 eternum
1667 1162 1871 1224 viuere
1908 1163 2031 1224 vita
2072 1163 2287 1225 breuis,

1111 1263 1324 1335 Crede,
1369 1260 1514 1322 satis
1553 1271 1751 1322 tutum
1792 1270 1957 1322 tenet
1997 1262 2116 1322 hoc
2156 1272 2369 1321 natura
2408 1270 2715 1332 statutum,

1027 1361 1170 1439 Quo
1211 1379 1351 1421 caro
1391 1361 1686 1439 pollutum
1728 1359 1941 1420 reddet
1978 1359 2061 1420 ad
2100 1377 2241 1436 yma
2278 1360 2474 1418 lutum
2495 1380 2514 1433 ς

1025 1459 1186 1522 Cum
1226 1459 1349 1518 fera
1389 1475 1550 1517 mors
1589 1456 1773 1518 stabit
1812 1466 1875 1517 et
1914 1467 2129 1517 ten-nm
2168 1467 2325 1517 terra
2362 1455 2612 1528 vorabit,

1025 1558 1201 1617 Tunc
1242 1556 1429 1615 homo
1469 1551 1731 1632 gustabit
1770 1553 1919 1632 quid
1962 1552 2075 1614 sibi
2116 1555 2295 1633 culpa
2334 1551 2521 1615 dabit.
2712 1600 2721 1604 -
2980 1577 3079 1614 220

1027 1655 1138 1714 Est
1177 1651 1280 1715 vbi
1319 1651 1626 1738 mundicia
1663 1651 1859 1712 camis
1902 1650 2031 1713 sine
2069 1651 2207 1713 labe
2244 1662 2460 1725 matus,

1027 1752 1212 1816 casta
1249 1749 1550 1830 pudicicia
1586 1751 1809 1828 gaudet
1848 1751 1929 1812 ad
1964 1769 2150 1811 omne
2190 1752 2381 1810 latus:

1025 1850 1157 1910 Stat
1195 1859 1342 1910 nota
1381 1847 1526 1908 bina
1565 1849 1696 1908 solo
1738 1865 1863 1924 quo
1904 1849 2075 1908 luxus
2116 1865 2241 1908 non
2282 1847 2641 1920 dominatur,

1029 1947 1152 2006 Pax
1193 1957 1394 2006 manet
1433 1945 1664 2024 absque
1701 1945 1866 2021 dolo,
1910 1947 2209 2024 longaque
2246 1944 2369 2006 vita
2408 1947 2597 2008 datur.

995 2130 1240 2188 Contra
1273 2131 1488 2186 mundi
1519 2129 1847 2186 nunciam
1881 2129 1951 2186 in
1986 2143 2185 2186 eam
2219 2129 2485 2186 Periwn
2518 2133 2585 2188 et
2620 2130 2937 2192 Amr-ieie.

1111 2244 1289 2304 Sum·
1327 2244 1452 2325 duo
1491 2240 1733 2320 cognati
1770 2239 2061 2302 viciorum
2102 2240 2445 2315 consociati,

1028 2341 1258 2403 Orbem
1299 2339 1403 2418 qui
1443 2340 1654 2400 ledunt
1691 2337 1928 2418 pariter,
1970 2357 2085 2399 nec
2122 2339 2205 2399 ab
2244 2339 2391 2401 orbe
2432 2340 2757 2402 recedunt:

1032 2443 1156 2501 Iste
1195 2440 1379 2500 fidem
1419 2456 1611 2497 raram
1652 2437 1926 2516 periurat,
1970 2448 2033 2497 et
2070 2438 2220 2498 alter
2258 2457 2502 2520 auaram

1027 2539 1290 2601 Causam
1329 2535 1629 2610 custodit3
1683 2535 1881 2596 socios
1920 2537 2069 2596 tales
2108 2535 2261 2596 deus
2300 2535 2448 2596 odit.

1029 2634 1231 2695 Primo
1269 2632 1570 2713 periurum
1609 2631 1965 2706 describam,
2010 2643 2267 2712 postque
2305 2635 2586 2707 futurum,

1029 2735 1139 2794 Est
1179 2731 1282 2792 vbi
1320 2731 1413 2792 ius
1451 2751 1666 2804 rarum,
1712 2730 2000 2809 scriptura
2040 2733 2341 2794 remordet
2380 2751 2663 2792 auarum:
2972 2755 3072 2806 230

1029 2833 1121 2892 Ex
1159 2829 1315 2892 vicio
1355 2828 1457 2890 mli
1497 2830 1682 2890 fertm
1720 2828 1886 2909 origo
1928 2829 2085 2890 mali.

1108 2930 1310 2989 Nemo
1349 2926 1450 2989 dei
1490 2947 1715 2989 nomen
1756 2947 2057 2990 assumere
2096 2930 2280 2991 debet
2319 2928 2521 3004 inane,

1027 3029 1202 3087 Falsa
1241 3045 1355 3086 nec
1393 3035 1457 3086 vt
1495 3025 1664 3100 iuret,
1709 3045 1779 3086 os
1820 3025 2132 3105 perhibere
2172 3029 2371 3087 malo:

1028 3125 1155 3184 Lex
1192 3134 1364 3184 vetus
1403 3124 1523 3184 hoc
1563 3123 1784 3197 sumit,
1828 3134 1935 3196 set,
1978 3125 2344 3201 prothdolor,
2388 3141 2532 3184 ecce
2572 3121 2898 3184 modernus

1026 3222 1282 3282 Munere
1321 3231 1631 3300 corruptos
1671 3219 1792 3280 iarn
1831 3237 2028 3280 nouus
2068 3239 2229 3281 error
2267 3219 2404 3299 agit.

1026 3316 1132 3378 Nil
1171 3317 1287 3378 nisi
1326 3318 1490 3378 dona
1527 3317 1694 3379 videt
1732 3318 1883 3379 dum
1924 3335 1988 3378 se
2028 3317 2287 3396 periurat
2326 3321 2579 3393 AuaruS‚

1025 3413 1172 3476 Eius
1212 3413 1374 3476 enim
1415 3435 1660 3477 sensum
1699 3433 1917 3476 census
1958 3415 2179 3493 vbique
2219 3417 2365 3495 regit
2390 3438 2409 3491 ;

1025 3512 1124 3574 Sic
1165 3533 1290 3573 non
1329 3513 1480 3576 liber
1518 3514 1706 3576 homo
1748 3513 1967 3575 librum
2006 3513 2137 3575 sine
2176 3515 2445 3592 pondere
2484 3514 2675 3588 librat,
2790 3497 2799 3506 ⁸

1023 3609 1216 3672 Seruit
1257 3621 1318 3672 et
1355 3613 1435 3672 ad
1473 3611 1655 3673 libras
1695 3631 1846 3690 quas
1886 3631 1995 3673 sua
2032 3611 2185 3673 libra
2236 3612 2432 3674 trahit.

1023 3709 1127 3770 Set
1165 3709 1309 3787 quia
1349 3708 1616 3790 periurus
1657 3711 1973 3772 defraudat
2012 3709 2141 3772 iura
2178 3710 2437 3790 superni,
2973 3735 3073 3787 240

1024 3807 1190 3868 Iurat
1227 3827 1370 3869 eum
1409 3807 1692 3870 dominus
1732 3807 1859 3870 iure
1898 3808 2089 3888 perire
2128 3827 2276 3870 suo:

1021 3905 1122 3966 Sic
1153 3907 1382 3967 lucrum
1426 3905 1642 3968 siciens
1681 3909 1931 3985 laqueos
1970 3905 2230 3980 incurrit,
2274 3917 2335 3967 et
2372 3905 2503 3967 eius

1022 4002 1258 4083 Lingua
1296 4003 1458 4083 prius
1497 4005 1762 4065 mendax
1800 4003 2029 4085 premia
2068 4003 2275 4066 mortis
2314 4003 2537 4079 habet3

1019 4099 1122 4162 Sic
1161 4104 1430 4164 vendens
1470 4113 1532 4163 et
1571 4121 1781 4164 emens
1822 4121 2045 4164 vacuus
2084 4120 2213 4164 non
2242 4101 2511 4176 transiet,
2556 4100 2746 4164 immo

1023 4198 1282 4258 Munera
1319 4219 1441 4278 que
1479 4199 1678 4278 capiet
1715 4201 1967 4280 sulphur
2004 4211 2067 4261 et
2106 4199 2257 4279 ignis
2298 4209 2489 4260 erunt.

1019 4295 1299 4357 Vendere
1337 4295 1632 4358 iusticiam
1673 4296 1861 4359 nichil
1900 4309 1991 4360 est
2029 4296 2145 4358 nisi
2182 4298 2443 4359 vendere
2484 4295 2767 4370 Cristum,

861 4413 959 4448 210
975 4399 1175 4464 mortis]
1191 4400 1362 4452 cordis
1385 4399 1424 4454 S
1514 4417 1610 4465 οη
1639 4409 1829 4454 stanin
1854 4402 1893 4454 S
1982 4417 2081 4467 ⁸8⁴
2104 4403 2383 4454 modernus
2400 4401 2576 4452 SFLB
2620 4403 2905 4452 modernos
2918 4400 3065 4452 CER
