3434 5142
803 436 932 501 254

1509 414 1713 481 VOX
1770 413 2314 480 CLAMANTIS

971 580 1140 639 Mors
1183 586 1244 638 et
1283 576 1404 637 vita
1442 576 1560 637 tuis
1601 576 1879 638 manibus
1920 576 1999 637 de
2040 577 2172 654 lege
2210 577 2491 649 feruntur,

971 676 1266 737 Prouidus
1309 675 1370 733 in
1411 674 1604 735 causis
1645 684 1707 735 te
1748 674 1925 735 decet
1964 692 2097 735 esse
2138 674 2361 752 magis:

973 773 1156 833 Nulla
1195 771 1421 849 cupido
1459 782 1626 833 tuam
1666 773 1861 833 valeat
1900 789 2279 851 corrumpere
2320 772 2560 845 famam,

970 871 1172 932 Immo
1211 868 1328 930 tuis
1369 869 1548 930 donis
1586 869 1844 947 gaudeat
1884 870 2083 931 omnis
2124 870 2363 931 humus.

969 970 1190 1030 Seruus
1229 967 1486 1028 auaricie
1525 984 1650 1027 non
1691 964 1876 1027 debet
1917 966 2135 1027 nobilis
2174 984 2307 1027 esse

971 1067 1120 1139 Rex,
1165 1076 1255 1125 set
1295 1064 1405 1125 erit
1445 1064 1598 1141 regis
1637 1062 1791 1125 liber
1828 1063 2051 1143 vbique
2090 1072 2297 1125 status.

1051 1166 1241 1241 Larga
1279 1163 1398 1223 tuis
1437 1162 1664 1221 meritis
1701 1162 1915 1241 inopes
1954 1164 2281 1225 elemosina
2318 1172 2503 1236 curet,

970 1263 1110 1339 Qua
1149 1261 1371 1339 poteris
1412 1278 1615 1337 regem
1657 1260 1972 1337 pacificare
2012 1262 2232 1324 deum:

971 1362 1092 1420 Fac
1133 1358 1298 1420 bona
1335 1374 1577 1435 queque
1615 1368 1789 1434 potes
1830 1358 2074 1420 modico
2112 1358 2261 1421 dum
2298 1366 2571 1436 tempore
2610 1359 2764 1419 viuis
2787 1380 2806 1434 3

971 1456 1170 1517 Multa
1209 1466 1416 1529 meteS,
1461 1448 1512 1515 si
1555 1472 1720 1514 nunc
1760 1456 1989 1517 semina
2028 1474 2221 1533 pauca
2260 1456 2423 1517 seris.

971 1556 1070 1615 Da
1109 1562 1214 1614 tua
1253 1570 1380 1612 non
1419 1570 1612 1630 parce,
1656 1553 1752 1613 cui
1796 1552 1905 1615 des
1944 1564 2147 1615 tamen
2186 1554 2387 1631 aspice
2426 1563 2642 1629 caute3

971 1650 1190 1727 Crede,
1231 1651 1372 1711 satis
1411 1670 1506 1711 res
1547 1660 1637 1711 est
1677 1650 1985 1736 ingeniosa
2024 1652 2199 1713 dare:

971 1751 1116 1812 Non
1155 1750 1308 1827 perit
1346 1750 1462 1810 hec
1499 1748 1765 1825 probitas
1806 1766 1928 1827 que
1966 1750 2129 1811 dona
2167 1749 2441 1827 rependit
2482 1750 2753 1823 honeste,

973 1848 1254 1925 Namque
1293 1846 1456 1925 piam
1497 1846 1739 1907 laudem
1780 1864 1875 1907 res
1915 1846 2055 1908 data
2095 1847 2294 1909 dantis
2334 1846 2534 1907 habet.

971 1947 1127 2023 Sepe
1167 1945 1348 2019 iuuat,
1393 1962 1508 2004 nec
1547 1962 1624 2005 eo
1665 1944 1863 2006 minor
1900 1956 1991 2007 est
2030 1945 2372 2007 substancia
2412 1946 2601 2023 ponti,

970 2044 1096 2120 Qui
1135 2043 1438 2104 modimm
1481 2044 1663 2121 pleno
1703 2043 1951 2105 flumine
1990 2045 2173 2105 sumit
2212 2062 2471 2123 aquam:

971 2141 1070 2201 Sic
1109 2151 1212 2201 tua
1251 2140 1364 2201 rite
1403 2140 1569 2201 iuuet
1610 2140 1857 2201 miseros
1898 2141 2227 2201 elemosina
2268 2152 2518 2219 sumpta,

973 2239 1106 2299 Nec
1144 2238 1253 2298 erit
1293 2238 1518 2314 argenti
1559 2236 1646 2298 sic
1687 2248 1791 2298 tua
1830 2257 2066 2299 summa
2105 2241 2319 2303 minor.

972 2335 1037 2396 Si
1077 2334 1211 2412 quis
1250 2352 1455 2405 amore
1493 2334 1592 2396 dei
1635 2336 1863 2396 miseris
1904 2354 2012 2399 sua
2051 2336 2215 2399 dona
2253 2338 2563 2410 ministrat,

971 2436 1230 2495 Munera
1269 2442 1507 2509 tempus
1547 2431 1789 2507 habent,
1834 2434 1993 2495 fama
2031 2436 2355 2512 perhennis
2394 2435 2519 2496 erit.

975 2529 1336 2591 Scindantur
1374 2540 1584 2603 vestes,
1624 2548 1862 2608 gemme
1902 2532 2244 2610 frangantur
2282 2544 2345 2594 et
2384 2550 2611 2605 aurum,

971 2626 1213 2705 Porrige
1251 2624 1613 2702 pauperibus
1655 2646 1777 2704 que
1816 2628 1985 2689 dedit
2024 2640 2165 2692 ante
2203 2631 2373 2691 deus.

973 2726 1083 2785 Est
1121 2724 1336 2784 ancilla
1376 2722 1476 2782 dei
1516 2724 1769 2801 simplex
1806 2725 2151 2802 elemosina,
2194 2728 2401 2788 mortis

971 2822 1351 2895 Antitodum,
1394 2820 1568 2881 venie
1609 2832 1797 2899 porta,
1842 2824 2047 2884 salutis
2089 2824 2238 2888 iter:

973 2920 1256 2997 Disputat
1294 2918 1582 2980 aduersus
1623 2920 1822 2981 dantis
1863 2934 2124 3001 peccata,
2168 2933 2403 3001 perorat

970 3018 1236 3091 Auctori,
1281 3018 1517 3078 redimit
1557 3016 1797 3096 probra,
1836 3032 2108 3097 premtur
2148 3041 2345 3100 opem.

973 3118 1294 3177 Peccatum
1336 3135 1497 3177 mors
1539 3128 1628 3178 est
1667 3118 1885 3194 anime,
1932 3137 2092 3181 mors
2134 3121 2339 3181 debita
2378 3139 2537 3198 pena

973 3215 1249 3288 Peccat0,
1292 3224 1384 3275 set
1426 3214 1488 3274 in
1530 3215 1647 3275 hoc
1689 3234 1863 3278 mens
1905 3217 2003 3295 pia
2043 3218 2205 3279 delet
2246 3237 2399 3280 eam.

1054 3311 1231 3372 Absit
1272 3311 1448 3388 culpa
1487 3312 1625 3390 gule
1665 3312 1791 3389 tibi,
1836 3332 1953 3389 rex,
2000 3334 2141 3375 nam
2184 3316 2335 3395 regis
2377 3318 2657 3379 honestas

973 3408 1190 3471 Omnis
1231 3409 1536 3471 mundicie
1577 3408 1761 3473 debet
1801 3411 2033 3474 honore
2072 3413 2225 3476 frui:

975 3506 1136 3567 Illud
1176 3505 1338 3566 enim
1380 3506 1600 3568 vicium
1641 3510 1979 3586 primeuum
2020 3508 2157 3572 labe
2196 3522 2502 3589 parentem

973 3604 1362 3681 Dampnauit,
1404 3604 1619 3682 fragilis
1659 3623 1785 3683 quo
1824 3607 1985 3668 cadit
2026 3608 2154 3685 ipse
2193 3627 2363 3671 reus:

974 3702 1189 3763 Hostis
1231 3702 1294 3761 in
1334 3702 1454 3763 hoc
1493 3704 1647 3763 vicio
1687 3704 1951 3765 Cristum
1994 3708 2328 3785 temptauit,
2370 3718 2430 3769 et
2472 3709 2616 3786 ipse,

973 3799 1100 3876 Qui
1139 3817 1242 3861 rex
1281 3811 1374 3862 est
1412 3819 1602 3871 veruS,
1642 3802 1867 3879 respuit
1909 3802 2057 3864 illud
2098 3824 2290 3883 opus:

975 3898 1139 3957 Eece
1179 3897 1320 3957 Saiil
1359 3916 1623 3975 pugnare
1661 3900 1871 3961 volens
1912 3900 2135 3962 ieiunia
2172 3904 2403 3965 cunctis

976 3995 1291 4071 Imposuit,
1334 3994 1532 4057 donec
1573 3998 1805 4059 hostica
1844 3999 1963 4060 tela
2003 4000 2227 4062 domet.
2387 4004 2394 4011 '

975 4092 1128 4165 Rex,
1171 4091 1281 4152 tibi
1321 4094 1623 4172 pigriciem
1667 4098 1854 4174 pellas
1895 4108 1958 4160 et
1998 4100 2261 4161 motibus
2302 4098 2477 4163 obsta

973 4189 1204 4265 Carnis,
1247 4199 1309 4251 et
1348 4190 1428 4251 ad
1467 4210 1666 4254 mores
1703 4196 1897 4274 arripe
1936 4196 2103 4259 fortis
2144 4196 2293 4261 iter:

977 4286 1205 4364 Regius
1245 4296 1430 4365 vtque
1471 4300 1658 4352 status
1698 4293 1941 4370 plebem
1983 4296 2387 4374 supereminet
2426 4312 2690 4370 omnem,

976 4383 1216 4449 Nobilis
1259 4383 1322 4447 in
1361 4399 1533 4465 gestu
1575 4388 1662 4449 sic
1703 4392 1891 4469 magis
1933 4393 2033 4454 ille
2072 4394 2241 4457 soret.

2916 1076 3025 1123 810

2914 2055 3017 2102 820

2910 3033 3016 3097 830

2912 4012 3015 4075 840
