3434 5142
813 412 943 490 276
1519 407 1720 473 vox
1776 406 2314 473 cLAMAan

889 604 1009 660 Hic
1048 605 1321 675 loquitur
1360 605 1439 660 de
1475 608 1691 661 statue
1726 603 2007 659 secunda
2043 606 2228 672 parte
2264 602 2505 671 pedum,
2543 616 2664 672 que
2698 601 2915 657 fictilis
2962 605 3032 658 et

816 693 1067 763 fragilis
1091 698 1250 761 erat,
1275 697 1341 750 et
1361 694 1440 750 de
1463 694 1743 749 eiusdem
1766 692 1973 763 partis
1994 690 2490 760 signmcacione.

625 810 822 887 Capm.
852 812 929 873 iii.
1056 816 1282 875 Vltima
1323 835 1427 893 per
1467 824 1650 875 terras
1691 823 1961 890 superest
2002 812 2190 872 modo
2232 812 2427 871 fictilis
2468 822 2610 886 etas,

979 914 1157 974 Vnde
1197 914 1384 991 pedes
1425 898 1619 973 statue
1659 912 1806 973 dant
1846 910 2029 971 michi
2072 910 2240 987 signa
2280 910 2427 971 fore.

977 1012 1120 1071 Non
1161 1012 1346 1072 cicius
1387 1011 1551 1089 figuli
1592 1010 1809 1088 fragilis
1850 1028 1993 1069 nam
2035 1008 2232 1067 fictilis
2274 1008 2400 1067 olla

977 1110 1183 1186 Rupta
1225 1110 1290 1169 fit
1332 1110 1394 1168 in
1435 1120 1634 1183 testas
1678 1109 1827 1168 dum
1868 1107 2018 1184 lapis
2058 1106 2221 1183 angit
2261 1123 2379 1179 eaS,

975 1208 1141 1283 Quin
1183 1208 1316 1284 plus
1356 1206 1636 1267 condicio
1677 1206 1895 1283 fragilis
1937 1212 2226 1280 temptata
2266 1204 2527 1263 virorum

974 1305 1181 1380 Rupta
1221 1306 1373 1364 iacet
1413 1304 1550 1363 vicii
1591 1304 1669 1364 de
1707 1303 1997 1381 grauitate
2037 1301 2147 1361 sui.
2924 1322 3026 1373 140

975 1402 1200 1461 Fictilis
1241 1412 1330 1461 est
1371 1402 1572 1474 laicus,
1618 1410 1708 1461 set
1751 1400 1985 1460 fictilior
2025 1397 2212 1459 modo
2254 1398 2447 1457 clerus

975 1499 1124 1559 Eius
1164 1501 1226 1559 in
1269 1500 1555 1576 exemplis
1596 1508 1802 1559 causat
1840 1498 2075 1576 agenda
2117 1495 2325 1556 malis:

974 1596 1073 1657 Sic
1115 1615 1280 1656 sacra
1320 1597 1535 1674 scripta
1575 1614 1713 1656 caro
1754 1594 2147 1657 conscribitur
2186 1594 2453 1671 vndique
2492 1594 2739 1667 munde,

974 1696 1200 1755 Littera
1239 1695 1406 1771 quod
1446 1693 1626 1756 Cristi
1669 1694 1834 1754 nulla
1873 1694 2111 1753 videtur
2151 1690 2252 1753 ibi.

973 1792 1096 1867 Qui
1139 1790 1304 1853 iubet
1345 1802 1406 1852 vt
1447 1810 1689 1852 oernem
1730 1793 2059 1866 vincamus»,
2103 1808 2346 1851 cernere
2386 1790 2611 1849 victum

971 1892 1315 1965 Possumus,
1359 1901 1420 1951 et
1460 1892 1708 1967 doctum
1751 1908 2029 1968 spernere
2070 1890 2291 1967 dogma
2333 1907 2529 1948 suum.

971 1989 1181 2051 Clerus
1223 1990 1404 2051 habet
1445 2008 1594 2051 voce
1634 1990 1749 2050 sibi
1793 2008 2017 2050 nomen
2058 1990 2380 2066 spirituale,

969 2087 1220 2165 Spiritus
1261 2090 1324 2148 in
1365 2108 1607 2149 carnem
1648 2088 1895 2148 vertitur
1934 2088 2063 2165 ipse
2103 2097 2347 2148 tamen:

970 2187 1183 2249 Carnis
1225 2190 1390 2249 enim
1431 2189 1584 2248 vicia
1625 2198 1766 2248 sunt
1807 2188 1893 2247 sic
1934 2187 2334 2247 communiter
2372 2198 2521 2259 acta,

971 2287 1158 2362 Quod
1198 2288 1278 2349 de
1315 2288 1617 2349 continuis
1657 2286 1755 2345 vix
1794 2287 1980 2363 pudet
2022 2304 2161 2344 vsus
2202 2286 2308 2346 eis.
2918 2306 3019 2356 150

969 2385 1066 2445 Fit
1106 2386 1276 2463 quasi
1316 2404 1480 2445 nunc
1521 2386 1734 2445 mulier
1772 2384 2033 2443 hominis
2075 2384 2358 2443 dominus
2400 2401 2519 2461 que
2560 2383 2853 2460 magister,

966 2482 1076 2541 Vir
1116 2484 1183 2542 fit
1224 2493 1284 2543 et
1323 2483 1537 2542 ancilla
1579 2481 1835 2555 subdita,
1880 2499 2085 2558 prona,
2128 2481 2268 2557 pia:

967 2580 1204 2640 Debilis
1247 2580 1309 2638 in
1348 2580 1562 2640 fortem
1604 2580 1720 2638 ruit
1763 2588 1824 2639 et
1865 2578 2143 2638 vecordia
2182 2578 2383 2651 vincit,

969 2677 1095 2752 Qui
1135 2678 1285 2737 foret
1326 2688 1386 2737 et
1427 2678 1682 2753 sapiens,
1727 2676 1922 2736 fictilis
1964 2677 2094 2753 ipse
2134 2677 2312 2736 cadit.

965 2774 1180 2835 Preuia
1221 2776 1368 2835 dum
1411 2775 1603 2835 clerus
1645 2775 1897 2835 Veneris
1938 2775 2150 2834 vexilla
2194 2772 2435 2847 subibit,

968 2873 1102 2932 Iam
1142 2874 1351 2934 Venus
1391 2892 1428 2933 a
1468 2883 1595 2933 tota
1635 2883 1815 2951 gente
1856 2872 2077 2933 tributa
2120 2874 2292 2949 petit.

1048 2972 1278 3032 Gallica
1320 2983 1579 3050 peccata,
1624 2991 1816 3049 nuper
1854 2971 2073 3049 quibus
2116 2972 2199 3030 hii
2240 2972 2600 3046 ceciderunt,

866 3049 874 3064 ⁸
965 3068 1247 3130 Clamant
1287 3070 1406 3129 iam
1449 3081 1680 3131 nostras
1723 3070 2023 3130 intitulare
2064 3070 2320 3131 domos:

967 3168 1026 3227 N
1030 3186 1146 3225 unc
1186 3168 1324 3228 licet
1363 3168 1601 3229 alterius
1644 3186 1927 3245 sponsam
1968 3168 2134 3245 quod
2177 3168 2431 3245 quisque
2472 3168 2805 3245 frequentet

965 3264 1075 3325 Est
1115 3274 1302 3326 status
1343 3266 1603 3344 ingenui,
1647 3265 1865 3327 dicitur
1905 3266 2054 3325 illud
2097 3284 2283 3327 amor.
2911 3272 3008 3324 160

965 3363 1109 3423 Non
1151 3364 1259 3423 erit
1300 3364 1418 3424 hoc
1459 3364 1623 3424 laicis
1662 3364 1884 3425 vicium
1919 3373 2009 3424 set
2050 3365 2245 3440 gracia
2286 3382 2518 3441 magna,

963 3461 1132 3521 Dum
1173 3462 1249 3521 sit
1289 3462 1582 3521 adulterio
1625 3463 2041 3539 magnificatus
2082 3463 2287 3536 home,

964 3558 1317 3619 Dummodo
1357 3576 1580 3635 sponsa
1618 3570 1889 3635 stuprum
1932 3560 2216 3637 perquirit
2256 3559 2524 3620 adultera
2565 3560 2775 3619 donis:

963 3657 1170 3717 Soluet
1212 3656 1292 3717 ob
1333 3656 1451 3716 hoc
1493 3674 1766 3733 sponsuS,
1812 3658 1915 3734 qui
1957 3658 2079 3717 luet
2122 3657 2269 3717 illud
2309 3676 2477 3734 opus.

962 3755 1061 3815 Sic
1102 3772 1167 3815 se
1211 3773 1371 3813 nunc
1413 3756 1688 3815 homines
1730 3756 2021 3828 vendunt,
2066 3755 2236 3833 quasi
2278 3756 2396 3814 sint
2437 3756 2793 3827 meretrices,

961 3854 1250 3931 Prospera
1291 3854 1439 3915 dum
1479 3854 1735 3914 Veneris
1774 3854 1933 3931 larga
1974 3855 2050 3914 sit
2091 3854 2191 3913 illa
2232 3873 2481 3915 manus:

961 3950 1060 4011 Sic
1101 3951 1216 4011 sub
1257 3952 1534 4012 mendaci
1575 3953 1777 4029 specie
1818 3962 2160 4029 grossantur
2200 3952 2435 4027 amoris

965 4048 1200 4125 Perque
1241 4049 1468 4125 nephas
1511 4050 1628 4109 tale
1667 4049 1833 4109 lucra
1872 4049 2159 4125 pudenda
2199 4058 2429 4126 petunt.

962 4144 1066 4204 Set
1107 4146 1210 4221 qui
1253 4146 1330 4206 de
1371 4146 1532 4206 clero
1572 4164 1858 4224 sponsam
1900 4157 2209 4223 promotus
2250 4148 2514 4223 adoptat,

869 4328 964 4377 160
1006 4326 1100 4376 Est
1135 4327 1172 4376 S
1275 4328 1341 4377 Et
1375 4327 1619 4378 CEHDL
1866 4331 1957 4390 167
1996 4336 2301 4393 grossantur
2335 4330 2375 4381 S
2472 4335 2776 4393 grassantur
2810 4329 3008 4380 HDLT

799 4412 1094 4455 crassantur
1115 4404 1252 4455 CEG
