3434 5142
1092 465 1391 530 PRIMA
1449 466 1684 531 PARS

450 626 594 687 Non
633 624 745 686 fuit
786 628 899 687 hec
937 644 1110 703 pena,
1155 625 1386 688 delictis
1427 644 1546 703 que
1585 626 1712 687 fore
1752 626 1931 704 plena

449 725 682 798 Posset,
722 735 781 784 et
821 726 939 784 hoc
980 734 1141 785 certe
1179 743 1296 784 vox
1335 723 1528 803 plebis
1569 723 1718 783 dixit
1758 735 2000 803 aperte3

452 821 556 881 Set
587 819 773 881 nimis
813 832 1021 882 ornate
1059 840 1279 900 penam
1320 822 1460 883 ficta
1499 821 1721 901 pietate

452 917 772 979 Pontifices
813 920 962 998 regis
1003 922 1387 981 moderantur
1425 919 1504 980 ab
1543 918 1757 980 ordine
1795 920 1975 998 legis:

453 1014 552 1076 Sic
594 1035 718 1077 non
761 1036 904 1078 ense
944 1018 1190 1094 eadunt,
1231 1029 1321 1079 set
1361 1018 1426 1078 in
1467 1017 1705 1079 exilium
1748 1037 1913 1078 mare
1952 1018 2196 1091 vadunt,

453 1115 625 1191 Quos
665 1112 1034 1175 inconsultos
1073 1115 1336 1194 suscepit
1378 1114 1673 1177 Hibernia
1712 1117 1941 1176 stultos.

457 1210 710 1288 Legiferi
751 1213 898 1272 tales
939 1232 1116 1291 super
1155 1230 1366 1274 omnes
1405 1223 1546 1274 sunt
1585 1212 1889 1291 speciales,

454 1308 638 1386 Regis
677 1310 756 1369 ad
798 1328 1054 1369 errorem
1095 1310 1198 1387 qui
1241 1311 1374 1388 plus
1415 1309 1671 1369 tribuere
1710 1310 1996 1371 fauorem.

457 1404 583 1466 Hic
621 1424 747 1465 non
787 1416 946 1465 sorte
983 1405 1110 1483 pari
1151 1404 1354 1466 statuit
1393 1426 1520 1467 sors
1559 1407 1680 1466 fata
1715 1405 1932 1485 parari,

454 1505 538 1562 Vt
579 1522 712 1563 reus
752 1502 998 1581 incepit,
1037 1503 1122 1565 sic
1163 1505 1242 1565 de
1281 1504 1560 1565 mercede
1597 1504 1857 1582 recepit:

457 1602 671 1661 Exulat
710 1600 823 1662 iste
863 1611 1066 1675 statuS,
1110 1600 1221 1662 fuit
1259 1603 1406 1662 alter
1445 1600 1833 1680 decapitatuS,

457 1696 584 1771 Hii,
627 1718 768 1759 cum
809 1700 1120 1772 ceduntur,
1165 1699 1243 1759 ad
1283 1700 1491 1759 funera
1530 1700 1676 1759 fune
1715 1700 2041 1759 trahuntur.

458 1795 675 1873 Dispar
713 1805 838 1855 erat
877 1812 1113 1869 munuS,
1155 1796 1344 1856 fuerat
1384 1808 1586 1857 tamen
1627 1795 1817 1857 exitus
1856 1816 2007 1856 vnus
2030 1816 2050 1871 3

2315 1221 2409 1271 180

459 1891 764 1971 Quicquid
805 1894 990 1952 homo
1029 1892 1234 1967 voluit,
1275 1895 1522 1954 tandem
1563 1914 1725 1954 rnors
1766 1893 1971 1954 omnia
2009 1892 2203 1953 soluit.

537 1992 621 2050 Vt
661 2008 762 2049 rex
801 2000 1095 2068 purgetur,
1140 2002 1203 2050 vt
1243 2010 1490 2069 regnum
1531 1990 1896 2066 clarificetur,

457 2088 670 2148 Restat
707 2088 908 2148 adhuc
949 2086 1133 2164 queri,
1176 2086 1393 2165 poterit
1434 2107 1558 2166 quo
1597 2090 1776 2165 culpa
1816 2088 2057 2149 mederi.

456 2184 708 2262 Absque
749 2185 868 2245 deo
907 2185 1111 2245 fratres
1153 2186 1384 2245 fuerant
1424 2187 1542 2245 hoc
1583 2195 1853 2263 tempore
1893 2197 2105 2264 patreS,

457 2283 519 2343 N
523 2302 592 2343 ec
633 2281 749 2342 sibi
789 2283 1062 2343 confessa
1101 2302 1208 2360 per
1247 2302 1352 2342 eos
1393 2294 1482 2343 est
1523 2285 1700 2361 culpa
1740 2302 2039 2362 repressa:

462 2382 538 2441 In
578 2379 744 2441 viciis
784 2391 967 2454 arent,
1011 2379 1232 2441 vicium
1273 2379 1378 2458 qui
1415 2381 1911 2456 mundificarent3

463 2479 706 2555 Morum
749 2497 914 2538 more
953 2487 1172 2551 carent,
1217 2498 1411 2539 mores
1451 2478 1556 2556 qui
1597 2478 2071 2557 multiplicarent.

461 2574 709 2635 Fraudis
749 2574 813 2635 in
853 2577 1192 2655 exemplum
1231 2575 1320 2636 sic
1361 2587 1512 2636 errat
1549 2576 1630 2636 ab
1671 2575 1882 2637 ordine
1921 2576 2227 2654 templum,

461 2674 520 2733 N
523 2693 594 2733 ec
635 2684 809 2768 cauet
849 2673 949 2734 ille
988 2684 1174 2735 status
1215 2673 1386 2734 solita
1427 2676 1506 2735 de
1545 2676 1723 2735 sorde
1761 2683 1993 2734 reatus:

462 2772 612 2833 Sunt
651 2771 736 2833 ita
773 2770 1115 2851 transgressi
1157 2775 1360 2833 fratres
1399 2773 1479 2833 ad
1519 2790 1686 2832 sacra
1724 2769 1991 2849 professi,

463 2870 648 2944 Quod
687 2889 1073 2948 personarum
1111 2872 1262 2931 deus
1303 2868 1493 2931 extitit
1531 2870 1684 2929 vltor
1724 2886 1945 2929 earum.

463 2969 563 3028 Ad
604 2970 797 3046 regale
836 2969 990 3028 latus
1032 2988 1156 3028 non
1197 2978 1288 3027 est
1328 2977 1514 3027 status
1555 2965 1968 3039 inmaculatuS,

2318 2209 2411 2261 190

464 3066 606 3142 Quo
647 3067 780 3143 plus
821 3084 1005 3142 quam
1049 3066 1311 3127 Centum
1351 3074 1735 3123 remoueatur
1773 3062 1997 3124 abinde
2037 3061 2358 3125 clientum:

465 3165 700 3240 Lugent
739 3174 1030 3235 cantoreS,
1071 3162 1330 3240 perdunt
1371 3160 1513 3238 quia
1553 3172 1763 3220 cantus
1804 3162 2078 3233 honores,

2316 3182 2415 3219 200

464 3262 761 3337 Plangunt
800 3259 1112 3338 scriptores
1152 3257 1404 3338 scriptos
1443 3260 1522 3320 de
1561 3258 1771 3319 fraude
1810 3256 2029 3336 rigores
2050 3279 2065 3318 ε
2086 3254 2103 3275 ⁰

463 3358 702 3418 Transit
740 3359 1026 3431 adulator,
1071 3359 1387 3418 sceleratus
1428 3366 1488 3417 et
1527 3355 1852 3431 insidiator,

466 3454 717 3518 Consilii
755 3457 966 3529 fautor,
1008 3454 1285 3516 inuentor
1325 3465 1385 3515 et
1425 3453 1666 3534 inuidus
1706 3464 1929 3514 auctor.

547 3554 675 3613 Stat
716 3572 929 3613 manus
969 3563 1222 3627 extenta,
1265 3572 1380 3613 nec
1419 3562 1614 3613 cessat
1653 3550 1837 3614 Curia
1875 3561 2055 3625 tenta,

468 3652 681 3711 Donec
722 3662 1001 3729 purgetur
1039 3651 1215 3712 dolus
1256 3650 1452 3711 omnis
1496 3660 1556 3710 et
1595 3660 1932 3711 euacuetur.

467 3750 518 3809 F
516 3746 626 3809 alsi
665 3758 1028 3827 temptarunt
1066 3747 1253 3809 iustos
1257 3793 1276 3823 ,
1313 3758 1406 3807 set
1443 3766 1568 3808 non
1609 3757 1979 3825 superarunt,

465 3849 527 3909 N
531 3868 600 3907 ec
641 3867 816 3925 prece
855 3866 972 3908 nec
1012 3848 1194 3921 done,
1241 3846 1438 3909 Cristo
1480 3845 1785 3907 mediante
1824 3855 2093 3923 patrono.

468 3946 768 4023 Tempore
807 3964 932 4023 quo
971 3946 1210 4006 stabant
1250 3944 1336 4005 hii
1376 3956 1508 4017 tres,
1553 3964 1804 4021 regnum
1844 3942 2197 4015 solidabant,

468 4044 692 4121 Legem
733 4044 1050 4104 firmabant
1087 4042 1420 4121 viciataque
1455 4042 1586 4103 iura
1623 4041 1943 4119 fugabantz

469 4141 568 4203 Sic
608 4142 992 4202 emendatum
1035 4144 1266 4219 Regem
1306 4140 1532 4202 faciunt
1569 4149 1941 4212 renouatum,

469 4238 716 4302 Cercius
755 4250 818 4299 vt
857 4240 1127 4313 credunt,
1172 4249 1232 4299 et
1273 4237 1359 4299 sic
1400 4257 1540 4298 cum
1580 4238 1759 4298 laude
1801 4236 2103 4297 recedunt.

473 4336 755 4400 Concinit
795 4356 977 4397 omne
1015 4339 1210 4397 forum
1252 4336 1682 4413 benefactaque
1723 4336 1925 4396 laudat
1966 4354 2189 4411 eorum,

313 4465 408 4515 175
440 4451 610 4502 Possit
632 4450 675 4501 C

797 4453 892 4501 182
926 4450 1015 4502 Sic
1037 4450 1218 4501 CHH⁸

1337 4452 1434 4500 186
1467 4449 1676 4515 munus]
1701 4450 1891 4501 nimius
1910 4447 1957 4499 C

2328 4164 2426 4201 210

2074 4463 2165 4513 191
2200 4447 2325 4515 sibi]
2351 4447 2423 4499 ibi
2446 4448 2499 4499 Η

2507 486 2631 549 319

2508 648 2811 698 instanciam
2908 649 3129 711 prelato-

2508 729 2623 765 rum
2688 714 2881 775 absque
2948 715 3131 764 mortis

2511 778 2699 831 iudicio
2733 779 2789 827 in
2822 787 3000 841 partes
3034 780 3127 829 Hi·

2511 844 2692 894 bernie
2780 846 2962 894 exules
3061 846 3128 895 ab

2510 909 2703 974 Anglia
2747 912 3080 963 transierunt.

2582 1993 2818 2056 Qualiter
2830 1992 3023 2042 diuersi
3038 1993 3134 2041 sta-

2517 2067 2643 2119 tres,
2666 2059 2984 2108 diuersarum
3001 2058 3133 2107 curi-

2516 2140 2653 2175 arum
2682 2131 2791 2173 tunc
2820 2123 3133 2183 confessores,

2516 2205 2619 2239 vna
2633 2204 2747 2239 cum
2764 2189 2877 2238 aliis
2892 2189 3137 2239 ministris

2514 2254 2914 2318 quampluribus,
2990 2254 3136 2315 quasi

2516 2322 2665 2384 palee
2687 2320 2897 2369 invtiles
2911 2335 3009 2383 per
3022 2320 3135 2370 loca
3216 2354 3226 2363 .

2515 2386 2900 2450 disperguntur.

2589 3564 2827 3627 Qualiter
2898 3580 3144 3631 proceres

2524 3632 2745 3695 predicti
2811 3632 2877 3681 de
2936 3634 3145 3695 querela

2525 3697 2851 3775 principales,
2889 3698 2934 3746 si
2976 3699 3142 3759 preci·

2524 3762 2621 3813 bus
2630 3763 3016 3813 autdonisflecti
3028 3778 3145 3825 pos·-

2526 3828 3146 3891 sent,sepissimeblandi·

2526 3902 2705 3951 untur:
2729 3900 2811 3943 set
2822 3892 2895 3942 illi
2905 3900 3144 3957 tanquam

2527 3973 2652 4009 vere
2676 3959 2875 4009 iusticie
2903 3966 3145 4008 executo-

2526 4038 2631 4087 res,
2658 4038 2819 4087 vsque
2842 4026 2894 4072 in
2913 4038 3009 4073 sue
3024 4040 3145 4087 que·

2530 4090 2637 4140 rele
2646 4090 3143 4141 consummacionem

2527 4156 2797 4206 vnanimes
2850 4162 3147 4207 constanter

2526 4223 2817 4273 astiterunt.
