3434 5142
1152 474 1441 541 LIBER
1501 475 1866 543 PRIMUS
2527 500 2608 563 37

564 638 900 700 Contentos
942 635 1223 711 minimis,
1265 636 1474 698 alterat
1514 654 1675 699 error
1714 654 1857 713 eos3

563 735 723 796 Nam
762 734 953 812 magis
992 743 1055 795 vt
1094 734 1419 795 comedant
1460 732 1577 795 sibi
1615 752 1821 812 grossa
1859 734 2153 799 cadauera
2191 749 2451 816 poscunt

563 833 846 911 Corporis
886 831 1151 906 humani,
1197 849 1319 911 que
1358 830 1471 894 sibi
1514 832 1645 894 sola
1682 833 1936 911 placent.

565 931 687 1006 Qui
727 942 973 1008 patuere
1014 929 1097 1007 pii
1136 930 1371 991 dudum
1410 930 1774 1007 cuicumque
1805 932 2070 1008 vocanti,

563 1028 1045 1107 Spectabantque
1085 1046 1301 1089 manus
1340 1046 1463 1106 que
1494 1026 1754 1091 tribuere
1793 1026 1982 1105 cibos,

564 1126 673 1186 Hii
714 1126 903 1203 magis
944 1142 1089 1187 ecce
1126 1124 1235 1187 feri
1276 1125 1613 1187 falconibus
1653 1135 1838 1203 atque
1875 1144 2120 1205 rapaces

564 1224 931 1286 Ptetendunt
972 1223 1187 1301 predas
1225 1224 1285 1283 vi
1326 1224 1591 1300 rapuisse
1631 1242 1786 1285 suas.
2507 1250 2610 1302 540

646 1322 770 1398 Qui
810 1322 964 1383 solet
1004 1322 1067 1381 in
1110 1331 1291 1383 nocte
1328 1321 1519 1400 gallus
1556 1331 1816 1397 cantare,
1861 1322 2028 1401 quod
2068 1341 2282 1387 omnes

562 1420 712 1481 Eius
754 1420 817 1481 in
856 1420 1069 1481 auditu
1108 1419 1329 1497 gaudia
1371 1420 1521 1481 ferre
1560 1419 1774 1493 solent,

566 1518 803 1581 Clamat
842 1528 905 1577 vt
946 1518 1229 1591 infernus,
1274 1528 1635 1596 superatque
1674 1519 1934 1581 tonitrua
1975 1521 2140 1583 vocis

564 1616 828 1677 Horrida
866 1615 1143 1679 terribilis
1182 1616 1311 1679 eius
1350 1615 1432 1678 ab
1470 1634 1577 1679 ore
1617 1634 1840 1693 sonus3

562 1714 1051 1793 Multociensque
1091 1732 1269 1775 suum
1312 1716 1435 1775 fera
1471 1713 1688 1793 Coppa
1727 1716 2040 1793 pedisseca
2079 1717 2300 1795 ganum

564 1814 856 1873 Prouoeat
894 1813 975 1874 ad
1016 1812 1176 1873 varia
1217 1830 1335 1890 que
1376 1822 1547 1890 putat
1587 1830 1720 1874 esse
1761 1813 1958 1889 ταὼς

564 1910 747 1986 Quod
787 1910 999 1988 nequit
1040 1911 1101 1970 in
1142 1912 1313 1971 factis
1352 1929 1429 1971 ex
1470 1910 1647 1973 dictis
1686 1910 1920 1988 garrula
1961 1912 2171 1989 suplet,

562 2010 659 2071 Ad
699 2026 1025 2070 commune
1064 2009 1293 2086 nephas
1336 2008 1621 2086 milleque
1660 2008 1792 2070 sola
1831 2018 2054 2071 mouet.

562 2109 760 2169 Ancer
798 2122 861 2167 et
902 2107 1029 2183 ipse
1069 2124 1258 2180 snam,
1298 2124 1441 2169 cum
1484 2124 1605 2184 qua
1644 2125 1712 2168 se
1752 2106 2010 2181 miscuit,
2049 2124 2264 2169 aucam

560 2206 823 2283 Linquit,
866 2214 927 2265 et
966 2206 1029 2265 in
1070 2204 1317 2282 predam
1354 2204 1537 2283 spirat
1576 2202 1802 2283 vbique
1841 2222 2102 2267 nouam:
2503 2228 2604 2283 550

556 2303 762 2365 Sibula
800 2321 907 2381 per
946 2312 1129 2365 tenua
1169 2320 1359 2380 nuper
1396 2302 1501 2381 qui
1543 2303 1747 2365 terruit
1787 2320 1970 2365 ancer

562 2402 831 2463 Infantes
872 2411 1105 2462 tantum
1146 2399 1527 2479 simplicitate
1568 2419 1693 2475 sua,

561 2499 743 2560 Nunc
782 2499 961 2561 nimis
1002 2498 1265 2562 horribili
1306 2499 1509 2561 sonitu
1549 2508 1833 2577 perterret
1871 2498 2128 2575 adultos,

560 2599 761 2674 Atque
800 2598 989 2675 magis
1028 2598 1210 2659 sortes
1251 2597 1575 2659 dilacerare
1614 2598 1800 2674 cupit.

642 2696 853 2773 Nuper
890 2705 951 2757 et
992 2696 1107 2756 hec
1144 2696 1457 2759 volucrum
1498 2693 1780 2757 bubones
1819 2712 1942 2772 que
1981 2695 2134 2757 solet
2175 2696 2263 2757 ira

562 2794 869 2871 Spernere,
913 2803 1124 2868 cessat,
1166 2803 1229 2855 et
1268 2803 1361 2855 est
1402 2804 1547 2855 tunc
1586 2811 1758 2855 amor
1797 2793 1953 2855 inter
1991 2810 2118 2857 eos.

562 2892 714 2952 Esse
754 2890 885 2952 dies
924 2892 1121 2952 licitos
1161 2896 1445 2967 statuunt,
1490 2888 1711 2969 quibus
1751 2900 1880 2953 atra
1918 2892 2262 2969 frequenter

560 2990 835 3051 Furtiuas
875 2989 1125 3051 dederat
1164 2990 1361 3051 noctis
1400 3008 1619 3068 ymago
1658 2989 1822 3054 vias:

559 3082 863 3145 Conuolat
901 3094 965 3143 vt
1004 3083 1203 3144 socius
1242 3084 1447 3145 auium
1487 3084 1570 3145 de
1608 3100 1845 3146 carcere
1887 3082 2072 3159 bub0,

560 3182 744 3243 Liber
782 3192 843 3243 et
883 3182 945 3243 in
986 3181 1215 3259 campis
1254 3182 1583 3243 associatur
1622 3182 1728 3243 eis.
2505 3190 2604 3257 5⁶0

560 3282 707 3340 Hoc
746 3281 933 3340 fuerat
972 3290 1228 3358 tempus,
1270 3296 1395 3357 quo
1434 3278 1603 3341 bubo
1643 3296 1752 3356 per
1787 3296 1929 3341 aera
1967 3297 2196 3359 pennas

560 3376 835 3456 Colligat,
878 3388 941 3438 vt
982 3378 1195 3455 predas
1235 3386 1365 3438 tuta
1404 3394 1650 3439 mouere
1690 3386 1928 3455 potestz

562 3475 688 3536 Ista
727 3484 929 3537 tamen
970 3485 1167 3538 turma
1207 3484 1469 3553 pennata
1508 3492 1646 3537 suas
1684 3475 1942 3539 acuebat

560 3575 799 3635 Pennas
836 3592 977 3634 cum
1019 3575 1189 3648 ferro,
1232 3590 1358 3651 quo
1398 3582 1730 3637 moreretur
1769 3574 1971 3637 homo.

460 3764 583 3821 Hic
610 3765 762 3822 dicit
783 3782 858 3822 se
878 3780 992 3835 per
1013 3765 1368 3835 sompnium
1392 3766 1728 3837 septimam
1750 3764 1930 3837 νεύει
1960 3767 2235 3821 turmam
2259 3764 2326 3821 ln
2349 3778 2604 3822 musea·

392 3858 462 3911 et
484 3868 687 3910 ranas
708 3854 953 3909 vidisse
973 3854 1307 3910 mutatam.

160 3970 355 4047 capu.
388 3968 511 4029 viii.

639 3968 941 4044 Sompnus
974 3968 1301 4029 continuus
1341 3986 1479 4029 mea
1518 3968 1796 4046 sompnia
1835 3967 2228 4043 continuauit,

566 4067 647 4129 Et
688 4064 873 4128 dabat
909 4066 1153 4129 vlterius
1192 4067 1364 4145 plura
1402 4068 1606 4129 videre
1645 4084 1825 4129 noua.

561 4164 837 4243 Amplior
874 4174 939 4225 vt
977 4164 1173 4227 rabies
1214 4174 1613 4227 monstrorum
1656 4165 2098 4243 multiplicetur,

560 4264 642 4323 Et
682 4261 850 4341 quod
892 4263 1099 4341 iniqua
1139 4264 1328 4342 magis
1368 4264 1448 4325 sit
1487 4282 1702 4325 manus
1743 4272 1920 4325 aucta
1959 4265 2148 4339 malis,

560 4360 657 4421 En
697 4360 862 4421 venit
900 4379 1085 4423 omne
1124 4380 1315 4439 genus
1352 4379 1711 4435 muscarum,
1755 4380 1877 4440 que
1914 4362 2173 4424 lacerare

562 4457 872 4521 uorsibus
911 4468 973 4521 et
1014 4458 1270 4522 stimulis
1310 4478 1495 4524 omne
1536 4459 1774 4523 salubre
1815 4471 2076 4535 vouent3
2507 4478 2607 4534 ⁵70
