3434 5142
762 431 887 474 200

1464 408 1663 474 VOX
1718 408 2200 474 CLAMANTI
2208 407 2259 474 S

928 572 989 634 Si
1031 571 1395 649 veniantque
1432 571 1617 630 michi
1657 571 1818 630 mala
1855 580 2146 648 tempora,
2185 571 2370 630 credo
2409 571 2578 648 quod
2619 571 2716 631 isti

928 672 1025 730 De
1064 670 1225 730 clero
1264 687 1507 729 causam
1548 669 1695 729 dant
1737 669 1916 729 nimis
1957 669 2100 728 inde
2139 685 2428 746 grauem3

930 769 1083 844 Quis
1124 767 1338 844 poterit
1380 785 1644 846 namque
1684 765 1861 827 nobis
1905 766 2068 827 bona
2108 778 2378 844 tempora
2417 768 2588 840 ferre,

928 866 1159 927 Ordine
1198 865 1493 924 claustrali
1538 864 1685 924 dum
1727 865 1878 942 perit
1919 865 2070 924 ordo
2111 865 2228 938 dei,

930 964 1009 1024 Et
1052 963 1199 1041 fugit
1236 981 1274 1022 a
1314 963 1545 1040 reliquo
1586 963 1844 1023 deuocio
1885 962 2072 1022 celica
2111 963 2322 1022 clero?

929 1062 1028 1122 Sic
1069 1060 1217 1138 fugit
1255 1078 1293 1119 a
1334 1059 1511 1120 nobis
1552 1060 1819 1137 vndique
1861 1069 2064 1120 nostra
2104 1060 2282 1120 salus.

932 1161 1091 1220 Nam
1132 1158 1273 1236 quia
1315 1158 1401 1217 sic
1443 1158 1625 1218 medii
1666 1158 1879 1218 fallunt
1919 1156 2272 1218 discorditer
2311 1157 2442 1235 ipsi,

934 1257 1145 1335 Ignaui
1187 1257 1395 1333 populi
1438 1265 1664 1316 stamus
1706 1256 1768 1314 in
1811 1255 1959 1316 orbe
1999 1255 2152 1332 vagi.

1015 1354 1180 1431 Quid
1223 1353 1337 1413 sibi
1378 1371 1595 1430 corpus
1637 1352 1821 1414 habet
1863 1353 1925 1411 in
1967 1371 2060 1426 eo,
2103 1354 2216 1412 nisi
2260 1353 2498 1430 spiritus
2537 1363 2714 1428 extet,

935 1449 1102 1525 Quid
1144 1445 1255 1508 nisi
1300 1465 1411 1506 nos
1451 1448 1643 1508 clerus
1684 1446 1880 1524 suplet
1921 1447 1984 1504 in
2025 1446 2173 1507 orbe
2213 1446 2392 1524 pius?

934 1549 991 1606 A
1033 1545 1236 1623 planta
1275 1545 1455 1623 capiti
1497 1555 1587 1605 set
1627 1546 1734 1622 qui
1774 1545 2110 1604 discernere
2156 1545 2298 1604 cleri

932 1645 1080 1704 Vult
1117 1661 1307 1721 genus
1346 1653 1451 1703 aut
1492 1644 1772 1720 speciem,
1814 1642 1912 1702 vix
1951 1643 2098 1702 sciet
2137 1642 2282 1703 inde
2323 1635 2569 1703 bonu'm.

935 1743 1033 1804 Sic
1077 1742 1177 1803 vbi
1216 1742 1333 1816 lux,
1377 1740 1641 1815 tenebre,
1684 1742 1773 1801 sic
1813 1759 1991 1814 mors,
2036 1738 2136 1800 vbi
2178 1741 2456 1801 normula
2495 1741 2616 1802 vite

937 1843 1262 1903 Instrueret
1303 1858 1512 1900 sanam
1551 1839 1833 1917 gentibus
1874 1839 1960 1899 ire
1999 1839 2180 1898 viam.

934 1940 1018 1999 Vt
1058 1939 1267 2000 dicunt
1308 1938 1407 1998 alii
1450 1937 1529 1998 de
1569 1938 1747 2010 clero,
1793 1937 1880 1996 sic
1919 1955 2036 2014 ego
2075 1936 2218 2011 dixi,

939 2036 1082 2112 Quo
1123 2036 1311 2096 creuit
1350 2035 1594 2112 reliquis
1636 2053 1799 2095 error
1839 2035 1902 2095 in
1943 2034 2090 2096 orbe
2132 2034 2360 2112 magis:

938 2136 1099 2195 Nam
1141 2134 1271 2194 sine
1311 2143 1547 2211 pastore
1585 2151 1727 2210 grex
1767 2141 1858 2193 est
1899 2132 2219 2210 dispersuS,
2263 2141 2326 2192 et
2367 2149 2510 2193 ecce

938 2234 1169 2292 Pascua
1208 2232 1439 2308 peccati
1480 2221 1674 2307 querit
1713 2229 1938 2309 vbique
1979 2231 2141 2291 noui.

784 2451 1009 2494 ωτι-ι
1026 2452 1056 2490 2
1063 2451 1161 2509 32.
1209 2432 1362 2490 Text
1386 2432 1579 2491 STH2
1659 2431 1754 2490 As
1760 2429 2004 2508 follows
2029 2433 2093 2490 in
2123 2429 2499 2507 CEHGDL,

942 2531 1123 2590 Nunc
1163 2530 1307 2606 quia
1346 2529 1433 2588 sic
1475 2528 1635 2589 Cleri
1677 2547 1807 2588 sors
1849 2539 2002 2589 errat
2041 2529 2120 2589 ab
2161 2531 2374 2592 ordine
2415 2531 2616 2606 Cristi,

940 2628 1201 2703 Vsurpat
1243 2625 1505 2686 mundus
1547 2644 1667 2703 que
1707 2637 1884 2704 negat
1925 2627 2054 2704 ipse
2095 2628 2265 2689 deus.

1024 2727 1187 2785 Dum
1231 2734 1349 2797 tua,
1396 2724 1692 2797 Bumelle,
1737 2724 1900 2784 scola
1941 2725 2018 2784 sit
2058 2727 2396 2787 communis
2438 2727 2504 2786 in
2543 2726 2710 2801 orbe,

942 2825 999 2883 A
1042 2823 1243 2900 planta
1282 2822 1464 2898 capiti
1506 2821 1724 2882 fallitur
1763 2823 1962 2882 omnis
2002 2823 2128 2884 ibi:

944 2922 1066 2982 Sed
1107 2939 1245 2981 cum
1288 2920 1556 2997 Gregorii
1600 2920 1764 2981 scola
1803 2920 1967 2981 fulsit
2005 2921 2070 2980 in
2111 2921 2260 2982 orbe
2299 2921 2478 2997 beati,

943 3021 1103 3080 Vera
1144 3018 1294 3079 fides
1334 3019 1537 3095 viguit,
1580 3028 1922 3096 cunctaque
1963 3036 2112 3095 pace
2151 3019 2304 3080 tulit.

946 3119 1125 3179 Nunc
1167 3126 1369 3177 tamen
1411 3125 1503 3177 est
1542 3117 1722 3176 Arius
1763 3135 1978 3191 nouus,
2022 3128 2112 3178 est
2154 3118 2324 3196 quasi
2367 3117 2742 3193 IouinianuS,

947 3218 1178 3277 Doctor
1217 3216 1279 3274 in
1322 3214 1587 3275 ecclesiis
1628 3216 1844 3275 scisma
1885 3215 2192 3276 mouendo
2234 3217 2432 3279 scolis.

946 3315 1045 3376 Sic
1085 3313 1187 3374 vbi
1227 3314 1344 3388 lux,
1388 3312 1651 3388 tenebre,
1694 3314 1783 3373 sic
1825 3331 2002 3387 mors,
2047 3312 2148 3374 vbi
2191 3315 2394 3392 regula
2435 3316 2556 3375 vite

948 3413 1274 3472 Instrueret
1314 3420 1537 3470 rectam
1578 3409 1857 3488 gentibus
1898 3411 1984 3470 ire
2023 3411 2198 3472 viam.

950 3508 1221 3585 Quilibet
1261 3527 1403 3586 ergo
1444 3509 1657 3582 bonuS,
1702 3509 1780 3568 sit
1821 3510 1994 3570 miles
2033 3509 2164 3570 siue
2207 3510 2496 3585 Colonus‚

950 3607 1145 3668 Orans
1187 3625 1296 3685 pro
1337 3606 1517 3668 Clero
1557 3606 1662 3668 det
1702 3625 1814 3666 sua
1853 3617 1991 3668 vota
2031 3607 2170 3669 de0.

1218 3759 1345 3807 1⁹15
1386 3743 1507 3793 Text
1525 3743 1689 3794 STH·
1755 3744 1815 3795 si
1835 3745 2047 3796 veniant
2068 3745 2244 3796 mundi
2265 3743 2562 3796 CEHGDL

1214 3829 1369 3889 1225*
1404 3826 1574 3876 fulscit
1596 3825 1703 3877 HG

2839 1081 2973 1119 1220

2853 2059 2984 2110 ¹²30

2821 3409 2984 3484 1230*
