3434 5142
1173 448 1461 513 LIBER
1520 449 1887 516 PRIMUS
2546 472 2628 541 45

584 611 897 672 Murmure
936 628 1076 671 sam
1114 618 1349 684 sonant,
1392 612 1659 671 sonitum
1700 630 1820 689 que
1859 610 2199 673 reuerberat
2235 630 2356 687 aer,

585 711 1091 788 Responsumque
1132 709 1269 769 soni
1308 708 1587 769 venditat
1630 709 1840 770 Eccho
1879 709 2031 771 sibi:

587 806 741 868 Inde
780 807 1011 885 fragore
1050 807 1246 885 grauis
1285 806 1564 883 strepitus
1606 805 1740 867 loca
1779 807 2048 884 proxima
2088 817 2287 884 terret,

586 905 729 980 Quo
769 906 943 966 timet
982 913 1273 965 euentum
1314 904 1586 982 quisquis
1626 903 1792 965 adire
1833 904 2078 966 malum.
2527 918 2627 969 820

584 1002 929 1080 Contigerat
970 1004 1169 1080 plures
1208 1001 1453 1062 infamia
1492 1002 1778 1078 temporis
1818 1002 2013 1075 huius»,

585 1100 724 1176 Que
764 1100 926 1161 velut
966 1119 1043 1161 ex
1082 1099 1363 1161 monstris
1404 1098 1749 1176 obstipuere
1789 1101 1994 1178 magis.

581 1198 897 1258 Ten-uerat
938 1216 1183 1275 magnas
1223 1198 1412 1258 nimio
1454 1216 1558 1275 pre
1598 1197 1837 1259 turbine
1875 1208 2086 1276 gentes

585 1295 895 1369 GraculuS,
937 1314 975 1355 a
1015 1296 1187 1355 cuius
1228 1294 1480 1356 nomine
1520 1305 1675 1355 terra
1714 1296 1930 1357 tremit.

582 1394 818 1453 Rumor
858 1394 903 1453 it
942 1405 1002 1454 et
1042 1412 1317 1471 proceres
1356 1393 1734 1454 sermonibus
1773 1404 2030 1473 occupat
2069 1413 2298 1471 omnes,

583 1491 920 1553 Consilium
958 1492 1197 1568 sapiens
1236 1509 1352 1553 nec
1392 1491 1678 1568 sapientis
1717 1502 1858 1552 erat.

582 1588 775 1651 Casus
816 1588 1119 1650 inauditus
1160 1590 1523 1665 stupefactas
1564 1588 1859 1667 ponderat
1896 1608 2091 1666 auree,

582 1688 663 1747 Et
704 1688 867 1748 venit
904 1690 984 1749 ad
1025 1706 1237 1749 sensus
1278 1688 1463 1749 durus
1504 1686 1583 1749 ab
1622 1706 1766 1749 aure
1805 1706 2010 1765 pauor.

579 1786 958 1862 Attemptant
998 1785 1315 1861 medicare,
1358 1784 1469 1848 sed
1508 1784 1930 1847 inmedicabile
1971 1786 2322 1864 dampnum,

581 1884 833 1961 Absque
872 1902 1055 1944 manu
1092 1884 1315 1945 medici
1353 1901 1615 1961 curaque
1654 1894 1850 1945 cessat
1890 1883 1994 1945 ibi.
2522 1896 2622 1959 830

484 2088 605 2145 Hic
640 2089 795 2145 diat
828 2090 1173 2145 seeundum
1210 2090 1528 2145 visionem
1568 2090 1843 2159 sompnii
1885 2090 2159 2159 qualiter
2204 2089 2368 2146 furie
2408 2106 2624 2160 eupra-
2699 2056 2707 2062 .

416 2176 583 2233 dicte
640 2192 946 2246 precones
1000 2177 1125 2233 sibi
1176 2182 1243 2233 et
1290 2178 1583 2234 tribunos
1638 2176 2138 2243 constituebant.
2185 2181 2253 2235 et
2309 2179 2621 2247 quomodo

415 2278 606 2321 senes
630 2267 698 2320 et
720 2265 983 2322 iuuene·
1005 2281 1219 2322 eorum
1243 2266 1499 2322 fuerunt
1522 2264 1778 2321 armati.

198 2388 406 2464 Capm.
438 2386 531 2445 xii.

663 2386 828 2447 Inter
868 2404 975 2447 eos
1015 2395 1285 2447 statuunt
1324 2404 1615 2463 precones
1654 2396 1840 2463 atque
1879 2384 2173 2460 tribunos,

580 2484 661 2543 Et
701 2503 809 2562 pro
850 2485 981 2562 lege
1020 2502 1199 2545 suum
1239 2484 1391 2546 velle
1430 2484 1607 2546 licere
1647 2482 1876 2544 iubent.

580 2583 727 2643 Hoc
766 2601 875 2643 sua
914 2584 1041 2643 iura
1081 2583 1279 2645 ferunt
1319 2584 1596 2660 preconis
1637 2599 1806 2655 voce,
1848 2582 2018 2660 quod
2058 2583 2258 2643 omnis

579 2680 669 2741 Sit
709 2680 929 2741 domus
968 2690 1179 2741 exusta
1216 2698 1338 2758 que
1378 2680 1681 2742 maledicit
1720 2680 1844 2741 eis:

583 2774 706 2849 Qui
748 2774 943 2835 scelus
983 2775 1219 2835 illorum
1262 2793 1388 2835 non
1431 2774 1707 2835 fortificat
1749 2775 2086 2847 sceleratus,

580 2872 972 2949 Deoepitatus
1011 2871 1139 2945 erit,
1180 2882 1242 2933 et
1282 2872 1503 2933 domus
1543 2871 1681 2950 igne
1721 2872 1892 2950 perit.

578 2967 969 3031 Constituunt
1006 2970 1206 3030 socios
1244 2969 1483 3030 sceleris
1520 2969 1894 3047 comitesque
1933 2969 2162 3042 furoris,

577 3066 671 3126 Ex
710 3084 967 3145 quorum
1008 3067 1287 3127 manibus
1326 3068 1587 3145 pendeat
1630 3067 1792 3129 istud
1831 3084 2002 3145 opus,

472 3168 477 3171 “
580 3166 721 3225 Hac
760 3184 1003 3245 quoque
1042 3165 1121 3227 de
1160 3184 1340 3225 causa
1382 3165 1503 3226 vidi
1546 3183 1730 3243 quam
1771 3166 2028 3243 plurima
2067 3164 2346 3241 dampna,

582 3262 749 3322 Dum
788 3280 969 3339 preco
1011 3264 1157 3324 fatui
1198 3264 1417 3324 clamat
1460 3264 1523 3323 in
1562 3282 1705 3325 aure
1748 3263 1894 3323 fori:
2519 3270 2620 3332 840

578 3360 866 3422 Rusticus
906 3362 1187 3435 intonuit,
1232 3362 1409 3423 datus
1450 3370 1541 3421 est
1580 3360 1742 3421 celer
1782 3361 1934 3439 ignis
1976 3359 2040 3419 in
2081 3359 2244 3432 edes,

577 3458 796 3537 Fitque
834 3470 1081 3537 repente
1122 3478 1323 3534 sonus»,
1368 3460 1547 3537 plena
1587 3460 1654 3520 fit
1694 3460 1832 3537 igne
1875 3459 2110 3519 domus».

663 3558 803 3618 Hec
842 3556 957 3617 sibi
997 3556 1291 3617 rusticitas
1330 3556 1555 3618 furiens
1595 3556 1911 3631 statuebat,
1953 3566 2017 3615 vt
2057 3555 2256 3615 omnis

578 3649 662 3709 Et
700 3659 872 3711 vetus
914 3662 973 3711 et
1014 3651 1249 3712 iuuenis
1289 3669 1409 3729 que
1448 3652 1605 3711 valet
1642 3668 1812 3711 arma
1849 3651 2031 3711 serat:

578 3748 689 3808 Hii
730 3748 899 3825 palos
938 3760 1169 3810 veteres
1207 3759 1456 3827 gestant,
1502 3750 1607 3827 qui
1648 3757 1789 3809 sunt
1828 3747 2110 3820 veterani,

574 3847 701 3907 Aut
741 3854 955 3907 contos
995 3846 1181 3907 cicius
1223 3864 1403 3924 quam
1444 3845 1559 3907 sibi
1600 3846 1758 3907 desit
1797 3864 1968 3905 onuS.

575 3942 858 4003 Membra
896 3943 1101 4005 leuant
1141 3944 1370 4005 baculis
1411 3944 1671 4022 fessique
1711 3941 2000 4004 senilibus
2039 3942 2230 4015 annis,

576 4026 785 4117 Quos,
810 4042 976 4103 velut
1014 4054 1106 4103 est
1145 4042 1371 4115 ouium,
1414 4042 1592 4103 tussis
1632 4040 1838 4102 eundo
1879 4049 2064 4100 notat.
2149 4112 2155 4117 .

575 4139 867 4201 Rusticus
907 4140 1005 4200 hic
1044 4140 1293 4201 veniens
1332 4138 1444 4201 fert
1484 4156 1880 4215 enei-samque
1920 4138 2276 4215 pharetram,

472 4284 575 4345 817
596 4284 823 4335 sonitum
844 4300 1046 4349 quoque
1062 4285 1294 4335 verberat
1318 4284 1368 4333 D
1498 4285 1591 4333 aar
1616 4284 1902 4347 congestat
1926 4283 1976 4332 D
2113 4284 2212 4334 aaa
2236 4284 2556 4347 obstupuere
2578 4283 2621 4332 C

406 4364 509 4425 ⁸⁹4
543 4362 599 4413 in
623 4362 771 4413 cuius
794 4362 889 4413 ΒΤ
1082 4364 1180 4427 837
1215 4363 1400 4414 celeris
1422 4362 1465 4414 C
1672 4363 1904 4415 furorum
1928 4361 1976 4410 D
2185 4364 2288 4425 846
2319 4362 2550 4413 conches
2572 4360 2620 4412 D

408 4440 503 4490 sibi
529 4456 631 4491 ona.
662 4441 711 4490 D
736 4442 923 4507 (ηυνξ.
946 4440 1083 4491 mbr.
1108 4441 1299 4492 Deficit
1316 4442 1374 4492 in
1398 4440 1570 4506 copia>
