3434 5142
1172 460 1455 525 LIBER
1518 460 1884 526 PRIMUS
2553 468 2633 529 61

591 620 831 681 Excidit
872 638 1055 680 omne
1096 620 1282 681 decus
1324 622 1507 681 michi
1548 622 1715 695 tristi,
1761 622 1925 683 nulla
1963 622 2176 685 tuebar

590 720 772 792 Rura,
818 736 933 779 nec
973 719 1037 777 in
1080 720 1283 795 precio
1322 720 1527 780 fertilis
1569 730 1735 781 ortus
1777 730 1916 781 erat.

670 818 854 877 Mens
892 818 1100 895 agitur,
1144 836 1265 894 que
1304 818 1409 878 diu
1451 828 1678 896 pugnat
1716 820 2024 881 sentencia
2063 838 2321 895 mecum,

591 916 745 991 Quis
786 916 955 977 locus
994 916 1077 977 ad
1116 918 1297 975 vitam
1340 916 1451 977 fert
1492 918 1734 994 pociora
1774 936 2012 993 moem3

590 1012 827 1091 Vixque
868 1014 1051 1073 michi
1092 1014 1345 1075 credens
1384 1015 1518 1075 solo
1558 1017 1732 1093 quasi
1773 1024 1914 1076 vota
1953 1026 2267 1079 momento

590 1112 883 1173 Millesies
922 1112 1155 1172 varians
1198 1112 1381 1173 corde
1420 1123 1674 1191 vagante
1714 1112 1842 1173 tuli.

590 1210 653 1269 Si
694 1210 827 1269 loca
866 1220 995 1270 tuta
1034 1210 1247 1283 forent,
1292 1210 1425 1271 loca
1466 1220 1595 1271 tuta
1634 1210 1894 1271 libenter
1932 1212 2212 1287 adissem,

588 1307 691 1367 Set
732 1326 857 1384 quo
896 1326 1021 1367 non
1062 1308 1230 1385 potui
1270 1326 1536 1387 corpore,
1582 1320 1786 1369 mente
1825 1309 2015 1384 seror3

589 1404 871 1482 Cumque
911 1406 1161 1466 domum
1204 1407 1366 1466 volui
1408 1406 1776 1484 quandoque
1817 1406 2010 1468 redire
2050 1407 2281 1481 diebus,

590 1502 673 1563 Vt
712 1520 812 1562 me
852 1504 1175 1580 prepediat,
1220 1514 1475 1581 occupat
1517 1504 1707 1565 hostis
1748 1505 1874 1565 iter.
2325 1506 2332 1511 ’
2506 1530 2634 1581 1410

587 1600 651 1661 Si
688 1620 1033 1679 progressus
1072 1622 1251 1677 eram,
1292 1621 1535 1680 caperer
1572 1621 1652 1663 ne
1692 1614 1874 1662 nocte
1913 1601 2238 1679 timebam3

587 1699 687 1759 Sic
727 1700 910 1759 michi
951 1701 1030 1761 de
1072 1702 1239 1761 nullo
1278 1710 1549 1778 ternpore
1587 1710 1828 1777 tempus
1868 1710 2027 1761 erat:

588 1798 803 1857 Hostis
842 1799 1014 1860 adest
1053 1799 1276 1873 dextra,
1320 1798 1503 1877 surgit
1543 1798 1623 1859 de
1662 1808 1951 1875 parteque
1990 1799 2142 1871 leua,

587 1894 927 1973 vicinoque
966 1908 1131 1956 metu
1171 1906 1352 1957 terret
1391 1908 1707 1973 vtrumque
1748 1896 1921 1956 latus.

588 1994 711 2066 Ha,
753 1993 1043 2071 quociens
1084 1995 1251 2055 furiis
1290 1996 1427 2055 visis
1467 1996 1639 2067 cessi,
1682 2012 1803 2071 que
1844 1993 1960 2054 sub
2001 1993 2224 2055 vmbris

586 2090 765 2150 Auris
804 2092 885 2151 ad
926 2102 1187 2152 extrema
1226 2110 1463 2170 semper
1504 2104 1707 2169 aperta
1748 2092 1898 2151 suit!

588 2190 711 2262 Ha,
755 2190 1043 2267 quociens
1084 2190 1249 2251 siluis
1289 2192 1434 2251 latui
1474 2191 1571 2251 vix
1611 2209 1793 2251 ausus
1834 2191 1897 2249 in
1939 2190 2140 2263 anu-18,

586 2288 929 2365 Desperans
968 2306 1105 2349 sero
1144 2290 1292 2367 quid
1331 2289 1514 2349 michi
1557 2308 1736 2350 mane
1777 2289 1982 2349 daret!

584 2387 707 2459 Ha,
752 2387 1043 2463 quociens
1082 2398 1349 2448 mentem
1392 2406 1581 2466 pauor
1621 2386 1836 2447 incutit
1871 2386 1990 2469 ‚hec
2031 2386 2214 2447 michi
2255 2387 2482 2462 dicensi,

588 2482 788 2559 ‘Quid
829 2484 1027 2561 fugis?
1088 2485 1189 2546 hic
1228 2504 1417 2563 paruo
1457 2494 1730 2563 tempore
1771 2485 1942 2544 viuus
1984 2484 2169 2545 erisi’
2497 2509 2628 2560 1420

584 2582 707 2656 Ha,
753 2586 1043 2659 quociens
1082 2584 1274 2645 fuerat
1313 2602 1451 2645 mea
1490 2602 1663 2644 mens
1704 2582 1892 2644 oblita
1932 2583 2082 2661 quid
2121 2600 2334 2659 essem,

582 2680 748 2739 Dum
790 2690 979 2741 status
1018 2684 1279 2742 anterior
1318 2682 1646 2759 posteriora
1686 2684 1892 2742 tenet!

582 2777 796 2854 Sepius
836 2778 1021 2856 inque
1061 2780 1163 2840 die
1203 2780 1349 2841 dum
1392 2780 1483 2841 sol
1522 2779 1883 2839 clarissimus
1923 2789 2097 2853 esset,

588 2874 651 2934 N
652 2893 729 2934 ox
770 2877 961 2938 oculis
1000 2877 1237 2954 pauidis
1277 2878 1441 2938 venit
1480 2876 1691 2937 aborta
1731 2877 1906 2937 meis.

664 2972 955 3051 Sompnia
994 2992 1094 3035 me
1134 2984 1355 3037 terrent
1396 2994 1567 3036 veros
1608 2974 1916 3035 imitancia
1956 2992 2148 3051 casus,

584 3070 662 3130 Et
700 3071 945 3148 vigilant
987 3092 1199 3133 sensus
1240 3073 1303 3132 in
1345 3092 1480 3133 mea
1520 3072 1788 3150 dampna
1828 3074 1986 3135 mei:

579 3169 679 3229 Sic
720 3189 855 3231 mea
895 3172 1271 3249 sompniseris
1312 3172 1629 3249 liquefiunt
1671 3183 1916 3249 pectora
1957 3172 2135 3245 curis,

580 3268 831 3345 Ignibus
870 3270 1157 3347 appositis
1198 3279 1262 3330 vt
1302 3288 1464 3329 noua
1504 3288 1640 3330 cera
1680 3270 1872 3331 solet:

578 3369 705 3427 Aut
744 3366 859 3427 nisi
901 3368 1173 3428 roetimar
1210 3368 1475 3428 melioris
1512 3367 1792 3445 ymagine
1831 3368 2094 3445 sompni,

582 3464 830 3542 Aspicio
868 3466 1059 3543 patrie
1096 3476 1255 3525 tecta
1296 3465 1500 3526 relicta
1540 3483 1695 3525 mee.
2047 3468 2056 3475 ’
2497 3488 2626 3541 14³0

472 3584 491 3603 ·
579 3562 868 3625 Concaua
906 3564 1075 3623 vallis
1114 3562 1217 3624 vbi
1258 3563 1449 3624 fuerat
1490 3581 1824 3637 nemorosa,
1869 3580 1978 3641 per
2015 3562 2255 3625 vmbras

578 3660 661 3720 Vt
700 3661 871 3738 lepus
912 3660 1187 3738 obliquas
1228 3679 1373 3738 sepe
1412 3661 1603 3721 viator
1641 3680 1842 3722 eram:

580 3758 771 3819 Purus
809 3757 890 3819 ab
928 3758 1241 3821 arboribus
1280 3758 1623 3837 spectabilis
1662 3760 1928 3837 vndique
1967 3778 2218 3837 campus

578 3856 757 3916 Tunc
797 3857 979 3917 michi
1018 3876 1131 3934 pro
1170 3858 1339 3917 nullo
1379 3867 1655 3934 tempore
1696 3858 1856 3918 fidus
1898 3868 2023 3919 erat
2039 3880 2059 3933 ς
2199 3886 2206 3891 ·

577 3955 741 4015 Silua
780 3965 951 4016 vetus
990 3956 1183 4015 densa
1222 3955 1388 4015 nulla
1427 3956 1647 4016 violata
1688 3956 1882 4015 securi
1957 3959 1968 3969 '

578 4052 677 4113 Fit
716 4054 905 4131 magis
945 4054 1211 4114 ecclesiis
1230 4065 1399 4114 tunc
1438 4052 1624 4113 michi
1666 4063 1797 4113 tuta
1839 4053 2079 4114 domus.

574 4152 753 4211 Tunc
793 4150 963 4211 labor
1004 4151 1279 4212 insolitus
1319 4152 1405 4212 sic
1445 4170 1547 4212 me
1586 4152 1847 4225 lassauit,
1889 4162 1954 4212 vt
1994 4170 2165 4231 egros

572 4248 691 4308 Vix
732 4267 943 4326 passus
982 4249 1169 4327 potui‘
1195 4249 1347 4310 serre
1386 4249 1483 4310 vel
1525 4249 1623 4309 hic
1663 4248 1760 4308 vel
1802 4248 1927 4312 ibi:

576 4346 676 4406 Sic
714 4346 1013 4424 fugiend&
1042 4347 1260 4409 domos
1300 4348 1566 4424 proprias
1606 4365 1781 4408 mens
1822 4347 2048 4410 horruit
2087 4358 2295 4423 antra3

1302 4474 1433 4521 1420
1465 4458 1576 4525 hic]
1600 4474 1667 4509 eu
1690 4460 1742 4509 D
