3434 5142
812 1260 1128 1357 VOX
1223 1258 2148 1360 CLAMANTIS

360 1508 447 1569 ΙΝ
484 1508 666 1568 huius
707 1506 981 1585 opusculi
1022 1505 1317 1584 principio
1357 1506 1615 1567 intendit
1652 1508 2020 1585 compositor
2053 1508 2390 1571 describere
2432 1512 2686 1589 qualiter

272 1605 522 1666 seruiles
548 1604 750 1665 rustici
779 1606 1113 1681 impetuose
1133 1614 1341 1665 contra
1368 1604 1661 1681 ingenuos
1688 1613 1751 1665 et
1777 1603 2012 1667 nobiles
2038 1608 2204 1685 regni
2227 1608 2682 1671 insurrexerunt.

273 1703 356 1763 Et
404 1702 549 1780 quia
586 1720 683 1763 res
722 1700 1067 1761 huiusmodi
1108 1700 1271 1762 velut
1318 1710 1652 1761 monstrum
1702 1701 2070 1763 detestabilis
2110 1704 2220 1765 fuit
2268 1715 2330 1766 et
2369 1704 2682 1781 horribilis,

276 1800 449 1878 fingit
513 1818 581 1861 se
634 1818 739 1877 per
796 1800 1139 1876 sompnium
1196 1798 1415 1859 vidisse
1469 1798 1738 1860 diuersas
1791 1800 1952 1879 vulgi
2006 1811 2230 1862 turmas
2293 1803 2356 1861 in
2419 1802 2685 1863 diuersas

274 1899 557 1975 species
606 1897 1003 1959 bestiarum
1051 1896 1513 1958 domesticarum
1562 1906 2019 1959 transmutatas:
2080 1898 2228 1959 dicit
2272 1908 2474 1960 tamen
2519 1898 2686 1977 quod

274 1996 375 2059 ille
416 1994 609 2056 bestie
644 1994 994 2069 domestice,
1028 2012 1067 2055 a
1106 2012 1215 2055 sua
1246 1995 1561 2055 deuiantes
1598 2004 1826 2069 natura,
1861 1995 2242 2056 crudelitates
2281 1996 2536 2057 ferarum
2573 1994 2686 2056 sibi

274 2102 782 2171 presumpserunt.
868 2093 966 2152 De
1005 2092 1201 2152 causis
1245 2110 1405 2166 vero,
1449 2110 1523 2152 ex
1570 2090 1794 2168 quibus
1835 2091 1989 2152 inter
2038 2092 2316 2153 homines
2362 2092 2502 2153 talia
2541 2110 2687 2153 con-

274 2190 515 2267 tingunt
556 2190 840 2264 enormia,
885 2198 1094 2249 tractat
1142 2188 1381 2249 vlterius
1422 2188 1761 2249 secundum
1809 2188 2233 2251 distincciones
2274 2187 2458 2251 libelli
2498 2189 2683 2264 istim,

276 2288 381 2365 qui
430 2288 494 2347 in
550 2297 780 2365 septem
833 2286 1122 2348 diuiditur
1176 2297 1389 2365 partes,
1432 2296 1609 2365 prout
1658 2286 1906 2349 inferius
1959 2288 2106 2350 locis
2161 2288 2283 2351 suis
2337 2288 2686 2351 euidencius

272 2383 603 2465 apparebit.

1120 2501 1451 2581 Sequitur
1491 2504 1845 2579 prologus,

1094 2844 1409 2921 capitula
1446 2844 1603 2907 nin-1
1645 2844 1874 2907 Primi.

277 2993 479 3073 Capm.
524 2994 562 3055 i.
607 2994 733 3053 Hic
774 2992 1035 3055 declarat
1080 2994 1144 3053 in
1185 2992 1391 3071 primis
1432 2990 1547 3054 sub
1596 2992 1767 3053 cuius
1817 2992 2000 3069 Regis
2049 2992 2316 3071 imperio,
2359 2991 2424 3055 in
2468 2991 2688 3071 quibus

604 3090 793 3151 eciam
839 3108 1046 3151 mense
1086 3100 1147 3151 et
1186 3109 1368 3164 anne,
1410 3091 1523 3151 ista
1563 3090 1677 3151 sibi
1718 3088 2079 3164 accidencia,
2125 3090 2294 3152 cuius
2341 3100 2515 3152 tenor
2554 3088 2689 3151 sub-

606 3190 889 3267 sequitur,
932 3188 1333 3266 contingebat.
1420 3188 1826 3250 Commendat
1867 3189 2123 3265 insuper,
2165 3188 2500 3251 secundum
2539 3186 2689 3247 illud

608 3286 773 3364 quod
810 3304 942 3347 esse
974 3286 1224 3360 solebat,
1260 3286 1620 3348 fertilitatem
1650 3296 1803 3347 terre
1829 3286 1985 3347 illius
2012 3285 2113 3348 vbi
2153 3286 2281 3364 ipse
2307 3294 2453 3346 tunc
2479 3284 2686 3359 fuerat,

605 3385 669 3444 in
726 3402 864 3462 qua,
908 3392 973 3444 vt
1025 3384 1189 3458 dicit,
1245 3384 1518 3444 omnium
1569 3385 1738 3463 quasi
1782 3402 1978 3445 rerum
2026 3384 2243 3445 delicie
2287 3383 2504 3460 pariter
2548 3400 2690 3443 con-

604 3482 870 3556 veniunt,
917 3490 980 3541 et
1025 3480 1291 3559 loquitur
1329 3481 1571 3542 vlterius
1611 3482 1691 3542 de
1738 3481 2062 3542 amenitate
2101 3479 2403 3557 temporis
2449 3497 2688 3541 necnon

605 3588 667 3640 et
694 3577 774 3640 de
800 3578 922 3640 diei
951 3578 1287 3653 serenitate,
1306 3596 1427 3657 que
1446 3588 1593 3639 tunc
1613 3587 1816 3639 tamen
1845 3578 2188 3655 sompnium
2211 3577 2389 3637 nimis
2411 3576 2690 3639 horribile

603 3675 1025 3754 precedebant.

352 3822 457 3874 The
476 3822 635 3875 MSS.
659 3822 883 3885 usedsor
899 3822 978 3873 the
994 3822 1113 3873 Vox
1136 3822 1421 3874 Clamantis
1438 3840 1527 3873 are
1544 3822 1625 3873 the
1632 3824 1900 3889 following
1909 3839 1995 3873 :—

346 3902 388 3953 S
429 3902 554 3965 (All
578 3898 735 3952 sauls
767 3900 967 3965 college,
1007 3900 1215 3965 omna,
1249 3902 1356 3967 98),
1391 3902 1434 3952 C
1468 3901 1687 3965 (Cotton,
1729 3902 1776 3951 T
1769 3902 1962 3966 t'bm‘uS,
1999 3900 2065 3951 A.
2103 3901 2199 3965 iv),
2226 3900 2270 3952 Ε
2304 3900 2482 3966 (Edon
2513 3901 2688 3964 Hau),

280 3980 347 4047 ἦ
386 3980 659 4045 (Hada‘an
700 3981 881 4045 6291),
925 3980 973 4029 G
1019 3980 1295 4045 (Glasgow,
1343 3980 1634 4029 Hunten‘an
1676 3978 1931 4042 Muscam,
1977 3980 2036 4029 T.
2086 3996 2132 4029 2.
2182 3981 2284 4045 17),
2333 3980 2382 4029 D
2425 3980 2690 4045 (Bodleian

276 4058 509 4123 Lanam,
544 4059 713 4124 anby
748 4059 891 4122 138),
924 4058 968 4107 L
1002 4058 1265 4123 (Bodleian
1291 4058 1523 4121 Libram,
1551 4058 1713 4108 Laud
1739 4058 1874 4122 719),
1911 4058 1958 4107 T
1990 4056 2212 4123 (Trim‘gy
2243 4058 2448 4124 Collega,
2479 4058 2689 4119 Dublae'n,

278 4137 346 4186 D.
376 4154 425 4198 ⁴·
454 4138 535 4201 6),
572 4136 650 4187 Hs
680 4136 934 4199 (Haffleld
958 4136 1131 4201 Hau),
1163 4137 1227 4187 L·
1254 4136 1497 4202 (Ln'ncoln
1530 4136 1796 4188 eamcam!
1827 4136 2042 4199 Libram
2065 4136 2131 4189 A.
2166 4152 2214 4201 ⁷·
2251 4136 2325 4201 a).
2403 4136 2502 4189 ῚῚιι
2527 4142 2626 4186 text
2649 4136 2694 4186 ἐς

272 4215 430 4265 baud
444 4231 513 4263 on
536 4216 596 4265 S.

350 4292 501 4343 Table
519 4293 587 4355 os
597 4292 829 4343 contenis
850 4292 1121 4356 notfhund
1136 4294 1191 4341 in
1215 4291 1424 4342 HLTL.
1449 4290 1526 4356 (H
1552 4291 1790 4359 desedt’vt)

338 4386 375 4433 3
404 4370 559 4421 velud
584 4370 627 4421 C
858 4387 891 4433 4
923 4372 1077 4433 fingit
1099 4370 1243 4423 SGD
1307 4377 1481 4420 narrat
1502 4370 1593 4420 ΟΕ

344 4448 459 4501 Lib.
488 4449 529 4501 1.
554 4448 589 4499 i.
614 4464 647 4498 2
679 4450 840 4500 eciam
866 4466 967 4503 om.
997 4450 1045 4499 D
1245 4464 1275 4513 7
1308 4456 1481 4503 tamen
1503 4464 1603 4499 om.
1630 4448 1679 4497 D

1436 4549 1537 4593 132
