3434 5142
1130 507 1415 573 LIBER
1473 507 1929 587 QUARTUS
2513 527 2630 594 193

595 671 849 730 Pectora
888 669 975 730 sic
1014 669 1295 747 gaudent,
1340 687 1455 730 nec
1494 679 1637 730 sunt
1674 670 1874 730 attrita
1914 669 2138 743 dolore,

595 768 874 828 Anterior
912 768 1046 828 celo
1086 767 1235 828 dum
1276 777 1581 845 reputatur
1620 767 1880 828 humus:

594 865 811 926 Cordis
850 865 913 924 in
954 865 1236 925 affectum
1276 865 1365 926 sic
1404 866 1614 925 transit
1654 866 1847 940 frater,
1891 876 1953 926 et
1992 866 2160 926 illum

595 962 797 1037 Quem
837 962 1032 1039 querit
1072 981 1311 1023 cursum
1354 964 1617 1040 complet
1656 963 1720 1022 in
1762 964 1910 1025 orbe
1951 981 2142 1024 suum.
2533 982 2635 1036 970

598 1061 715 1120 Dic
753 1061 901 1137 quid
944 1061 1190 1121 honoris
1230 1060 1430 1134 habet,
1474 1062 1524 1122 si
1568 1061 1726 1121 filius
1769 1061 2050 1122 Hectoris
2090 1078 2255 1121 arma

598 1158 834 1218 Deserit
875 1167 937 1219 et
976 1177 1183 1219 vecors
1222 1159 1491 1236 predicat
1530 1170 1663 1220 acta
1703 1160 1935 1236 patris?

594 1257 719 1315 Aut
760 1254 909 1332 quid
950 1265 1011 1315 et
1053 1256 1181 1333 ipse
1220 1257 1394 1329 valet,
1438 1257 1489 1317 si
1528 1259 1706 1316 frater
1747 1259 2038 1334 Apostata
2079 1265 2352 1316 sanctum

597 1353 834 1415 Clamat
877 1355 1280 1427 Franciscum,
1324 1373 1509 1432 quem
1552 1363 1731 1432 negat
1771 1354 1900 1431 ipse
1941 1356 2152 1432 sequi?

598 1451 781 1512 Fictis
820 1462 912 1512 set
952 1451 1151 1512 verbis
1192 1452 1405 1512 mundi
1446 1453 1577 1512 sine
1617 1453 1846 1512 lumine
1887 1470 2130 1512 sensum

596 1548 950 1623 Obfuscant,
996 1567 1115 1626 que
1156 1567 1265 1609 sua
1304 1549 1391 1609 sic
1432 1549 1751 1610 maledicta
1789 1561 2033 1628 tegunt:

600 1647 701 1707 Sic
742 1646 843 1707 vbi
886 1665 1013 1708 non
1054 1647 1223 1721 ordo,
1267 1657 1473 1708 manet
1514 1667 1674 1709 error
1714 1649 1777 1708 in
1819 1648 2046 1710 ordinis
2086 1647 2312 1721 vmbra,

603 1746 685 1804 Et
725 1745 897 1822 quasi
937 1745 1201 1806 laruatus
1240 1755 1359 1806 stat
1398 1765 1566 1808 sacer
1606 1747 1758 1807 ordo
1797 1765 2008 1807 nouus,

582 1842 741 1923 ‚Hiis
782 1843 887 1920 qui
930 1844 1226 1904 Francisci
1268 1855 1508 1905 seruant
1547 1854 1750 1904 tamen
1793 1845 2004 1905 ordine
2045 1845 2202 1904 iusto

602 1939 823 2001 Debita
864 1941 1164 2016 mandata,
1209 1941 1451 2003 debitus
1492 1952 1649 2003 extat
1690 1942 1904 2003 honor.
2539 1951 2642 2017 980

510 2137 631 2193 Hic
676 2138 959 2208 loquitur
1003 2139 1083 2194 de
1127 2138 1435 2194 fratribus
1481 2137 1631 2204 mia,
1678 2137 1786 2206 qui
1834 2138 2128 2194 incautos
2171 2151 2402 2207 puero·
2447 2137 2646 2195 datis

440 2226 891 2282 discrecionem
938 2241 1070 2281 non
1126 2225 1441 2282 habentes
1494 2224 1562 2279 ln
1590 2225 1713 2282 ‘oui
1757 2226 2001 2281 ordinis
2046 2225 2504 2294 profes-ionem
2551 2229 2644 2282 at·

441 2314 783 2370 tractando
818 2314 1151 2382 colloquiis
1185 2312 1440 2369 blandi·
1471 2313 1904 2383 multipliciter
1937 2313 2305 2382 illaqueant.

220 2426 421 2502 Capm.
448 2427 561 2486 xxi.

687 2427 798 2486 Est
838 2426 1021 2486 michi
1064 2436 1409 2503 suspectum
1451 2425 1531 2487 de
1570 2424 1846 2486 fratribus
1890 2425 2023 2498 hoe,
2067 2426 2236 2504 quod
2276 2444 2485 2488 eorum

608 2524 889 2584 Reddere
930 2541 995 2584 se
1036 2524 1230 2602 primo
1271 2524 1469 2584 nullus
1509 2524 1753 2584 adultus
1793 2523 2000 2584 adest:

609 2624 750 2682 Non
793 2622 879 2682 sic
922 2623 1307 2682 Franciscum
1350 2623 1591 2699 puerilis
1632 2632 1887 2682 traxerat
1930 2632 2056 2682 etas

607 2719 853 2782 Ordinis
894 2720 974 2781 ad
1014 2732 1239 2794 votum,
1284 2721 1531 2798 quando
1572 2721 1796 2797 recepit
1837 2738 2013 2782 eum:

607 2820 707 2880 Sic
748 2837 861 2879 nec
902 2836 1043 2878 eum
1086 2819 1251 2896 pueri
1295 2819 1489 2895 primo
1530 2819 1770 2878 coluere
1811 2837 2114 2896 sequaceS,

610 2918 743 2977 Nec
784 2915 1006 2977 blande
1046 2917 1247 2995 lingue
1287 2915 1489 2976 fabula
1528 2917 1701 2976 traxit
1741 2935 1862 2976 eos.

614 3014 850 3074 Estimo
893 3025 1157 3074 maturos
1200 3015 1553 3074 Franciscus
1594 3023 1926 3091 sumpserat
1967 3032 2176 3088 annos,

612 3113 777 3172 Dum
819 3130 926 3189 per
966 3112 1221 3172 discreta
1260 3113 1488 3172 viscera
1526 3113 1688 3188 cepit
1729 3131 1918 3189 opus3

613 3211 693 3269 Et
734 3220 883 3287 puto
924 3210 1092 3287 quod
1132 3210 1355 3270 similes
1397 3228 1506 3269 sua
1546 3209 1829 3286 dogmata
1869 3219 2087 3286 sponte
2127 3220 2451 3288 sequentes

614 3307 749 3367 Nec
790 3326 966 3384 prece
1008 3325 1121 3368 nec
1163 3307 1365 3385 precio
1405 3306 1669 3368 reddidit
1711 3307 1862 3368 ordo
1903 3307 2039 3369 deo,
2553 3331 2652 3383 990

613 3406 715 3466 Set
755 3417 926 3466 vetus
968 3425 1105 3466 vsus
1147 3404 1333 3478 abest,
1380 3423 1519 3464 nam
1560 3405 2000 3466 circumvencio
2042 3406 2197 3466 sacta

618 3505 799 3563 Nunc
840 3504 1018 3563 trahit
1060 3503 1338 3577 infantes»,
1378 3503 1482 3580 qui
1526 3502 1709 3562 nichil
1753 3502 1897 3563 inde
1936 3503 2134 3563 sciunt
2151 3523 2170 3578 ς

616 3603 696 3661 Et
736 3603 823 3662 sic
864 3602 942 3661 de
982 3601 1170 3662 teneri
1212 3610 1381 3661 tener
1422 3600 1573 3661 ordo
1615 3599 1818 3660 mollia
1859 3601 2069 3678 querit,

614 3699 965 3776 Vmbraque
1006 3701 1133 3759 sola
1172 3709 1375 3759 manet
1414 3709 1597 3775 atque
1638 3717 1899 3760 nouerca
1939 3697 2126 3780 quasi.

702 3799 780 3858 Vt
821 3807 995 3857 vocat
1033 3797 1113 3857 ad
1153 3797 1401 3875 laqueos
1442 3797 1746 3857 volucrem
1789 3797 1936 3856 dum
1979 3795 2199 3857 fistulat
2237 3813 2474 3875 aucePS,

618 3895 719 3955 Sic
759 3895 937 3955 trahit
979 3896 1235 3955 infantes
1278 3894 1467 3955 fratris
1508 3894 1586 3954 ab
1629 3912 1732 3955 ore
1773 3911 1995 3955 sonus:
2491 3881 2494 3886 ¹

617 3995 701 4052 Vt
740 3994 1050 4071 laqueatur
1088 3993 1217 4053 auis
1257 3993 1610 4070 laqueorum
1650 3990 1853 4052 nescia
1892 3991 2132 4066 fraudis,

618 4091 718 4151 Sic
759 4109 909 4168 puer
948 4091 1011 4150 in
1052 4091 1291 4151 fratrem
1332 4089 1539 4150 fraude
1579 4090 1803 4149 latente
1843 4089 2040 4150 cadit:

619 4189 701 4249 Et
739 4208 879 4248 cum
922 4189 1009 4248 sic
1048 4188 1265 4266 poterit
1306 4205 1557 4265 puerum
1598 4197 1768 4258 vetus
1808 4187 2143 4264 illaqueare,

621 4285 823 4348 Debet
864 4285 946 4347 ob
986 4287 1104 4347 hoc
1144 4285 1319 4346 frater
1359 4303 1582 4345 nomen
1623 4283 1845 4345 habere
1885 4285 2084 4362 patris,
2535 4309 2664 4346 1000

619 4385 719 4445 Sic
758 4393 1038 4461 generata
1078 4384 1233 4444 dolis
1274 4393 1500 4460 patrem
1542 4383 1812 4460 sequitur
1851 4401 1960 4442 sua
2000 4383 2212 4460 proleS‚

622 4483 813 4544 Addit
853 4491 915 4544 et
954 4483 1033 4543 ad
1075 4482 1295 4560 patrios
1336 4481 1491 4542 facta
1532 4481 1745 4542 dolosa
1785 4480 1996 4556 dolos3

545 4577 689 4613 *tn*
1548 4595 1591 4640 ο
