3434 5142
818 436 936 496 194
1521 413 1720 480 VOX
1776 416 2320 482 CLAMANTIS

976 577 1235 656 Solaque
1275 578 1362 638 sic
1402 579 1567 639 radix
1608 589 1896 639 centenos
1939 579 2127 639 inficit
2168 597 2242 640 ex
2282 597 2348 641 se

975 678 1220 750 Ram05,
1265 677 1369 755 qui
1410 679 1635 738 fructus
1675 677 1898 738 fraudis
1940 679 2002 737 in
2045 678 2189 738 orbe
2231 679 2444 738 ferunt.

975 777 1133 835 Nam
1176 793 1323 852 puer
1360 795 1398 834 a
1437 776 1621 837 veteri
1662 776 1952 853 deceptus
1994 778 2173 835 fratre
2213 794 2320 853 per
2361 777 2512 837 illud

974 873 1215 950 Decipit
1256 874 1612 950 exemplum,
1657 873 1905 950 quando
1947 884 2190 934 senecta
2231 874 2430 934 venit:

970 972 1069 1031 Sic
1109 982 1246 1050 post
1286 971 1598 1048 decipiunt
1638 972 1742 1048 qui
1785 972 1976 1049 primo
2018 972 2413 1050 decipiuntur,

971 1070 1052 1129 Et
1092 1070 1251 1130 fraus
1292 1071 1370 1131 de
1411 1070 1619 1131 fraude
1658 1070 2050 1147 multiplicata
2091 1070 2282 1148 viget:

971 1169 1070 1229 Sic
1110 1169 1322 1228 crescit
1366 1186 1648 1228 numerus
1688 1169 1950 1242 fratrum,
1996 1169 2064 1228 fit
2105 1179 2166 1228 et
2206 1169 2360 1229 ordo
2399 1170 2683 1244 minutus,

974 1267 1138 1326 Dum
1180 1268 1359 1326 miser
1400 1267 1463 1326 in
1505 1267 1734 1326 miseris
1773 1267 1996 1344 gaudet
2037 1265 2260 1328 habere
2299 1285 2491 1344 pares.
2887 1291 3018 1329 1010

975 1369 989 1395 ‘
1012 1366 1118 1437 Vc,
1164 1365 1266 1441 qui
1309 1365 1655 1440 proselitum
1697 1363 1868 1425 vobis
1910 1365 2136 1424 faciatis
2176 1376 2238 1425 vt
2280 1384 2481 1440 vnum,

972 1463 1275 1522 Mundum
1318 1463 1613 1536 circuitiS,'
1652 1462 1882 1522 dixerat
1923 1464 2052 1540 ipse
2093 1463 2284 1526 deus:

970 1560 1131 1621 Illud
1172 1571 1297 1621 erat
1336 1561 1562 1620 dictum
1609 1561 1914 1638 phariseiS,
1955 1571 2015 1622 et
2057 1563 2243 1622 modo
2285 1580 2529 1640 possum

970 1657 1272 1718 Fratribus
1314 1657 1427 1720 hec
1466 1658 1647 1720 verba
1688 1659 1889 1720 dicere
1929 1660 2060 1738 lege
2103 1679 2279 1721 noua.

874 1892 994 1948 Hic
1035 1894 1313 1963 loquitur
1359 1895 1435 1950 de
1492 1895 1837 1963 apostazia
1894 1896 2164 1953 fratrum
2211 1895 2450 1951 ordinis
2497 1897 3011 1960 mendicandum,

808 1982 1098 2050 precipue
1143 1983 1219 2038 de
1266 1983 1395 2038 hiis
1442 1985 1549 2052 qui
1605 1986 1724 2039 cub
1783 1983 1937 2039 ficta
1993 1985 2309 2054 ypocrisis
2365 1984 2777 2054 simplicitate
2825 1988 3012 2053 qnasi

806 2069 1244 2126 vniuercorum
1301 2073 1512 2128 cni-ias
1560 2075 1934 2142 magnatum
1983 2073 2376 2137 subuertunt,
2426 2075 2493 2127 et
2547 2071 3012 2128 inestimabiles

807 2158 940 2212 suis
975 2157 1225 2214 ficticiis
1262 2161 1591 2230 sepissime
1626 2165 1904 2216 causant
1940 2175 2207 2216 errores.

560 2277 754 2350 Capm.
787 2279 917 2338 xxii.
1045 2282 1127 2341 Vt
1167 2280 1331 2342 bona
1372 2283 1558 2343 multa
1597 2283 1828 2344 bonum
1872 2285 2108 2344 fratrem
2151 2301 2536 2361 quocumque
2577 2294 2882 2361 sequntur,

967 2380 1064 2440 Sic
1105 2381 1263 2442 mala
1302 2381 1488 2440 multa
1529 2382 1753 2440 malum
1795 2391 2030 2442 constat
2070 2379 2292 2458 vbique
2333 2381 2517 2457 sequi.

967 2477 1119 2537 Sunt
1160 2478 1382 2538 etenim
1422 2478 1653 2538 domini
1696 2490 1828 2552 treS,
1875 2496 2129 2555 quorum
2173 2477 2423 2554 quilibet
2464 2478 2567 2536 vni

966 2575 1159 2636 Seruit
1201 2576 1404 2649 hom0‚
1447 2595 1555 2652 per
1594 2595 1774 2653 quem
1818 2594 1883 2636 se
1924 2578 2071 2653 petit
2113 2577 2241 2653 ipse
2283 2577 2441 2652 regi:

968 2675 1076 2733 Est
1116 2674 1282 2746 deus,
1328 2685 1418 2734 est
1460 2674 1739 2747 mundus,
1784 2685 1874 2734 est
1915 2675 2138 2734 demon
2180 2683 2468 2751 apostata,
2513 2673 2682 2733 cuius

962 2770 1193 2832 Ordine
1236 2781 1630 2849 transgressus
1671 2772 1782 2831 sert
1824 2771 1938 2832 sibi
1981 2771 2159 2832 frater
2199 2790 2375 2832 onus.
2883 2795 3010 2834 1020

964 2869 1197 2947 Regula
1238 2887 1500 2946 namque
1540 2869 1640 2930 dei
1680 2888 1806 2929 non
1848 2870 2020 2929 nouit
2061 2888 2218 2944 eum,
2265 2887 2462 2946 neque
2505 2869 2716 2929 mundi

962 2968 1083 3027 Dat
1126 2967 1239 3027 sibi
1282 2967 1530 3028 milicies
1572 2967 1758 3028 libera
1801 2969 1962 3027 nulla
2006 2978 2271 3028 statum:

962 3066 1105 3125 Non
1145 3065 1328 3126 habet
1368 3065 1496 3142 ipse
1536 3065 1736 3139 deum,
1783 3084 1895 3126 nec
1937 3065 2157 3126 habere
2197 3066 2352 3125 valet
2394 3063 2509 3126 sibi
2551 3065 2872 3140 mundum,

963 3164 1255 3223 Demonis
1296 3173 1357 3222 vt
1397 3164 1701 3241 proprium
1744 3164 1830 3224 sic
1871 3163 2030 3223 subit
2072 3164 2200 3240 ipse
2241 3164 2485 3239 iugum:

962 3261 1178 3322 Omnis
1219 3260 1382 3321 enim
1424 3261 1555 3320 vicii
1597 3261 1856 3321 viciosus
1895 3271 2166 3338 apostata
2208 3271 2406 3320 motor

962 3361 1085 3418 Aut
1126 3360 1318 3419 fautor
1358 3359 1542 3420 nutrit
1581 3359 1749 3436 quod
1790 3359 1953 3419 videt
1995 3376 2126 3418 esse
2167 3358 2413 3418 malum.

960 3458 1159 3519 Testis
1200 3458 1311 3518 erit
1351 3457 1652 3531 Salomon,
1699 3459 1785 3516 vir
1825 3458 1957 3516 talis
1999 3455 2218 3516 invtilis
2261 3467 2438 3529 extat,

962 3556 1043 3614 Et
1080 3555 1283 3632 peiora
1324 3571 1431 3614 sue
1472 3554 1720 3614 crimina
1763 3554 1978 3614 mentis
2019 3554 2176 3630 agit:

960 3655 1105 3712 Arte
1145 3653 1239 3712 vel
1282 3652 1538 3728 ingenio,
1584 3669 1707 3729 quo
1751 3651 1881 3711 talis
1924 3651 1986 3709 in
2028 3649 2176 3711 orbe
2216 3649 2572 3726 frequentat,

965 3751 1147 3810 Ducit
1188 3750 1250 3809 in
1292 3751 1570 3810 effectum
1610 3749 1780 3826 plura
1821 3749 2094 3810 timenda
2127 3749 2286 3808 satis·
2879 3771 3009 3820 1030

962 3848 1105 3908 Non
1146 3847 1343 3908 obstat
1386 3847 1577 3925 paries
1618 3847 1718 3920 illi,
1765 3865 1888 3907 non
1931 3849 2132 3906 clausa
2173 3846 2472 3920 resistunt,

963 3947 1135 4008 Invia
1175 3947 1511 4007 consistunt
1553 3946 1759 4022 peruia
1800 3965 2040 4024 queque
2081 3945 2232 4006 sibi:

964 4046 1079 4105 Per
1117 4063 1296 4118 mare,
1342 4063 1447 4122 per
1486 4054 1684 4119 terras,
1730 4063 1836 4122 per
1873 4053 2070 4104 totum
2111 4043 2320 4104 circuit
2361 4041 2607 4118 orbem;

962 4144 1045 4202 Vt
1086 4141 1202 4202 sibi
1244 4143 1377 4219 plus
1418 4143 1664 4220 placeat,
1710 4161 1952 4203 cernere
1993 4153 2212 4203 cuncta
2251 4151 2466 4218 potest.

1046 4239 1269 4299 Nititur
1310 4239 1372 4298 in
1413 4239 1666 4313 fraudes,
1711 4240 2023 4316 componit
2063 4239 2243 4300 verba
2285 4239 2512 4313 dolosa,

1606 4425 1732 4460 ποια
1765 4411 1970 4475 margin
2005 4411 2140 4461 Nota
2160 4409 2203 4461 C
