3434 5142
1181 434 1463 499 LIBER
1521 436 1933 503 TERCIUS
2540 464 2657 528 113

617 599 768 658 Tale
807 606 1012 657 tamen
1051 597 1278 658 crimen
1321 616 1446 658 non
1488 617 1666 660 aurea
1711 599 1889 660 bursa
1930 600 2201 676 redemit,

615 696 722 755 Set
761 696 1018 756 contrita
1060 696 1248 774 magis
1290 716 1462 757 mens
1503 698 1883 759 medicamen
1924 698 2125 787 habet.

619 795 762 854 Non
803 802 1006 853 tamen
1049 802 1141 853 est
1181 794 1424 854 lacrima
1463 795 1651 856 modo
1691 814 1812 873 que
1852 798 2053 857 delere
2091 798 2310 859 valebit

615 891 878 965 Crimen,
923 892 975 951 si
1015 890 1192 951 bursa
1233 892 1460 953 nesciat
1499 893 1643 954 inde
1682 894 1915 955 forum:

615 990 807 1050 Bursa
847 990 1004 1051 valet
1045 989 1302 1066 culpam,
1335 990 1492 1051 valet
1531 1009 1977 1070 expurgareque
2016 1012 2254 1073 penam,

615 1088 804 1147 Bursa
843 1088 1000 1149 valet
1038 1098 1330 1165 quantum
1371 1089 1534 1149 curia
1575 1099 1779 1151 nostra
1818 1092 1993 1153 valet.

522 1305 642 1361 Hic
679 1307 958 1376 loqnstnr
999 1308 1077 1365 de
1116 1308 1414 1378 legibus
1447 1325 1693 1367 eornm
1731 1313 2109 1381 positiuin,
2147 1329 2282 1383 que
2318 1318 2656 1384 quamuis

452 1392 544 1448 ad
627 1396 906 1451 cultum
979 1398 1223 1454 anime
1309 1400 1747 1454 necessarie
1822 1414 1972 1455 non
2045 1405 2237 1468 eunt,
2312 1402 2658 1461 infinitas

451 1484 701 1537 tamen
816 1486 1428 1542 constituciones
1532 1486 1755 1555 quasi
1875 1489 2155 1546 cotidie
2233 1490 2323 1544 ad
2408 1505 2656 1548 eornm

447 1571 730 1625 lucrum
764 1572 988 1628 nobis
1024 1573 1361 1642 grauiter
1396 1574 1815 1643 imponunt.

201 1692 400 1769 Capm.
431 1691 534 1753 iiii.
696 1695 862 1754 Num
903 1694 1006 1755 dat
1048 1714 1152 1773 pre
1193 1694 1472 1756 manibus
1508 1696 1751 1757 sceleris
1792 1698 2031 1758 veniam
2072 1699 2255 1759 michi
2297 1700 2575 1762 Cristus?

613 1793 757 1853 Non
798 1802 966 1870 puto,
1011 1802 1101 1853 set
1142 1795 1302 1878 facto
1342 1803 1479 1871 post
1519 1796 1832 1855 miseretur
1870 1814 1981 1855 eoz

614 1892 740 1953 Aut
779 1891 948 1969 quod
988 1902 1301 1969 peccatum
1345 1911 1469 1952 non
1511 1901 1620 1966 est,
1663 1894 1963 1970 numquid
2003 1894 2447 1971 prohibendum

614 1992 758 2051 Hoc
799 1991 1030 2053 Cristus
1071 1992 1320 2051 statuit?
1371 1990 1512 2051 talia
1551 1990 1716 2050 nulla
1754 1990 1912 2051 facit.
2556 2016 2655 2067 230

616 2089 797 2149 Nunc
837 2098 944 2163 set,
990 2107 1110 2167 que
1153 2089 1351 2165 Moysi
1395 2106 1592 2165 neque
1631 2089 1729 2147 lex
1768 2086 2046 2165 prohibet
2086 2106 2285 2166 neque
2327 2089 2523 2164 Cristi,

615 2186 880 2247 Plurima
919 2187 1174 2248 decretis
1215 2186 1362 2247 dant
1402 2184 1779 2263 prohibenda
1820 2187 2033 2261 nouis;

613 2286 718 2347 Set
757 2284 942 2345 michi
981 2303 1102 2362 que
1141 2294 1412 2345 smtuunt
1452 2283 1636 2344 hodie
1676 2294 1940 2361 peccata,
1980 2284 2292 2344 remittunt

615 2384 780 2457 CraS,
823 2382 938 2443 sibi
981 2384 1030 2443 si
1073 2382 1332 2443 dedero:
1389 2383 1468 2443 de
1507 2381 1730 2459 quibus
1769 2400 1910 2460 ergo
1952 2393 2113 2459 peto.

617 2483 742 2541 Aut
781 2490 872 2541 est
913 2480 1080 2557 quod
1120 2480 1354 2557 proprie
1392 2498 1488 2540 res
1529 2490 1843 2557 peccatum
1885 2481 2034 2557 gerit
2076 2481 2137 2540 in
2180 2498 2261 2555 se,

616 2581 744 2639 Aut
785 2578 898 2638 nisi
941 2578 1015 2638 sit
1056 2580 1254 2651 vetita,
1299 2596 1424 2637 non
1466 2577 1618 2639 foret
1659 2579 1789 2655 ipsa
1815 2579 1988 2638 mala.

622 2676 733 2736 Est
773 2676 824 2735 si
867 2684 1196 2752 peccatum,
1243 2686 1386 2735 tunc
1427 2694 1550 2749 cur,
1595 2693 1778 2752 quam
1818 2676 1894 2735 sit
1935 2676 2097 2752 prius
2137 2685 2359 2749 actum,

619 2775 850 2834 Prestat
891 2774 1052 2834 idem
1095 2775 1357 2834 nummis
1399 2792 1578 2851 posse
1619 2774 1797 2833 licere
1836 2773 1985 2833 meis
2002 2775 2031 2832 Ρ

620 2873 731 2933 Est
772 2874 822 2932 si
862 2891 956 2932 res
996 2871 1173 2946 licita,
1217 2883 1363 2932 tunc
1403 2890 1508 2931 cur
1549 2890 1656 2931 sua
1696 2873 1791 2932 lex
1833 2871 2091 2948 positiua

617 2972 801 3031 Hanc
841 2971 968 3031 fore
1007 2970 1455 3047 dampnandam
1497 2970 1764 3030 striccius
1804 2978 1955 3029 artat
1996 2988 2128 3029 eam
2147 2971 2176 3028 Ρ
2556 2992 2653 3042 240

615 3070 760 3129 Hoc
801 3070 880 3130 de
921 3069 1152 3129 iusticia
1193 3078 1342 3145 puto
1383 3086 1508 3128 non
1549 3068 1729 3141 venit,
1774 3068 1961 3127 immo
2002 3068 2275 3128 voluntas

611 3168 836 3228 Taliter
876 3177 938 3227 vt
978 3168 1080 3227 fiat
1120 3167 1282 3226 lucra
1323 3167 1588 3243 petendo
1628 3164 1828 3226 iubet:

611 3266 941 3343 Exequitur
979 3266 1133 3325 iuste
1172 3284 1298 3326 rem
1343 3266 1575 3340 iustam,
1618 3265 1724 3342 qui
1764 3264 1924 3325 bene
1962 3282 2171 3325 causas

621 3366 762 3425 Non
804 3366 932 3425 zelo
974 3364 1206 3425 nummi
1250 3365 1487 3438 iudicat,
1533 3366 1722 3423 immo
1764 3363 1881 3423 dei.

627 3460 893 3541 Legibus
933 3463 1187 3525 ecclesie
1229 3463 1516 3542 quicquid
1558 3462 1634 3522 sit
1675 3462 1737 3520 in
1780 3460 1927 3521 orbe
1967 3460 2215 3538 ligatum

617 3562 709 3621 Ex
749 3562 903 3622 iusta
943 3580 1140 3636 causa,
1185 3563 1367 3622 credo
1408 3560 1588 3638 ligare
1628 3559 1840 3621 decet:

619 3660 722 3722 Set
765 3660 947 3720 nichil
989 3660 1275 3719 iniustum
1317 3659 1468 3719 deus
1509 3659 1742 3736 accipit,
1787 3656 1948 3717 vnde
1988 3672 2103 3715 nec
2142 3656 2289 3715 alter

612 3760 923 3819 Affirmare
964 3769 1160 3835 potest
1202 3757 1368 3834 quod
1409 3758 1558 3818 deus
1601 3758 1728 3834 ipse
1771 3764 1967 3833 negat.

612 3857 820 3917 Alcius
859 3876 1002 3917 ecce
1042 3857 1251 3917 Simon
1293 3865 1544 3931 temptat
1584 3872 1873 3915 renouare
1913 3852 2195 3923 volatum,

614 3955 712 4015 Ne
751 3956 928 4017 cadat
966 3955 1097 4031 ipse
1137 3972 1302 4014 nouo
1344 3952 1513 4029 plura
1555 3951 1764 4011 timere
1805 3958 2017 4028 potest.
2558 3970 2656 4023 250

517 4126 759 4192 Heada'ng
793 4126 899 4177 Hic
935 4126 1159 4189 loquitur
1198 4125 1458 4188 quomodo
1495 4124 1562 4173 de
1597 4122 1801 4187 legibus
1838 4120 2075 4185 positiuis
2112 4121 2257 4183 quasi
2296 4120 2485 4170 cotidie
2518 4136 2655 4171 noua

451 4206 791 4257 instituuntur
827 4204 978 4254 nobis
1022 4211 1254 4267 peccata,
1295 4203 1482 4265 quibus
1520 4208 1692 4251 tamen
1729 4200 2025 4263 priusquam
2059 4199 2187 4248 fiant
2222 4197 2403 4271 prelati
2442 4204 2656 4259 propter

455 4284 653 4333 lucrum
698 4284 1022 4347 dispensant,
1067 4288 1121 4331 et
1164 4298 1230 4331 ea
1275 4282 1386 4330 fieri
1431 4280 1593 4329 libere
1648 4284 1861 4341 propter
1910 4292 2089 4326 aurum
2135 4275 2441 4338 permittunt
2492 4274 2654 4324 LTH2

455 4360 587 4427 (Hic
607 4360 859 4425 quomodo
880 4359 1218 4423 diligentibus
1238 4358 1476 4422 positiuis
1499 4392 1514 4409 .
1542 4392 1556 4408 .
1579 4393 1592 4407 .
1617 4356 1759 4420 prius
1780 4356 1907 4405 fiant
1932 4358 2025 4406 etc.
2055 4354 2098 4404 L
2162 4354 2308 4404 liberi
2328 4352 2441 4416 LT)

517 4454 616 4503 ως
649 4454 935 4503 numquam
960 4438 1004 4487 L
1067 4452 1293 4501 vnquam
1319 4436 1368 4485 D

533 4520 676 4556 e***
1541 4535 1563 4577 1
