3434 5142
784 434 900 493 116

1477 427 1677 493 VOX
1736 424 2277 493 CLAMANTIS

940 589 1252 651 Perdimus
1295 599 1354 649 et
1395 589 1574 651 Cristi
1616 587 1785 666 quod
1829 589 1963 649 tulit
2003 589 2132 666 ipse
2172 589 2335 649 lucri.
2364 582 2369 587 ’

945 689 1066 750 ‘Sit
1107 688 1290 748 michi
1331 688 1631 762 vindicta‚'
1671 688 1823 749 deus
1866 688 2076 766 inquit,
2123 697 2213 749 set
2253 688 2393 765 quia
2435 706 2590 766 papa

943 788 1054 848 Est
1094 788 1244 849 deus
1286 788 1349 847 in
1391 786 1576 860 terrie,
1621 786 1886 847 vindicat
1926 787 2055 864 ipse
2097 786 2277 863 prius.

848 997 966 1054 Hic
995 999 1273 1068 loquitur
1314 998 1583 1067 qualiter
1625 996 1879 1053 Cristus
1914 1012 2133 1067 pacem
2166 997 2302 1053 suls
2338 997 2667 1067 discipulis
2703 998 2877 1054 dedit
2918 1003 2987 1057 et

777 1087 1064 1156 reliquit:
1101 1087 1253 1143 dicit
1283 1090 1500 1142 tamen
1537 1084 1706 1155 quod
1737 1086 1924 1141 modo
1956 1088 2217 1154 propter
2237 1089 2412 1141 bona
2434 1089 2690 1142 terrena
2720 1102 2983 1155 guerras

779 1176 1006 1229 saltem
1026 1177 1252 1230 contra
1276 1172 1638 1229 cristianos
1661 1174 1889 1244 prelati
1907 1173 2153 1242 legibus
2172 1174 2308 1229 suis
2326 1174 2621 1244 positinis
2642 1174 2986 1231 instituunt

782 1266 844 1318 et
865 1265 1300 1332 prosequatur.

600 1386 794 1461 Capru.
829 1385 901 1445 vi.

1026 1387 1190 1445 Ante
1230 1402 1337 1445 sue
1380 1385 1585 1445 mortis
1627 1392 1865 1461 tempus
1910 1386 2077 1446 dedit
2120 1395 2302 1463 atque
2342 1386 2581 1463 reliquit

946 1485 1167 1543 Pacem
1209 1483 1514 1561 discipulis
1555 1483 1787 1545 Cristus
1830 1482 2050 1544 habere
2092 1484 2251 1559 suis3
2886 1506 2988 1557 330

947 1580 1027 1640 Et
1069 1581 1210 1657 quia
1251 1590 1396 1641 tunc
1437 1582 1630 1640 solum
1672 1580 1999 1657 cupiebant
2041 1582 2125 1640 nil
2168 1582 2281 1641 nisi
2324 1582 2603 1656 Cristum,

948 1679 1023 1738 In
1065 1678 1246 1740 Cristi
1285 1696 1435 1756 pace
1474 1687 1693 1738 cuncta
1732 1680 1921 1739 tulere
1960 1680 2075 1755 pie.

945 1777 1048 1837 Set
1089 1777 1230 1854 quia
1271 1794 1437 1836 nunc
1477 1776 1772 1837 mundum
1814 1778 2066 1853 cupiunt
2106 1776 2529 1837 tantummodo
2570 1795 2817 1851 vanum,

949 1875 1089 1950 Que
1129 1873 1242 1934 sibi
1285 1883 1425 1933 sunt
1465 1874 1729 1934 mundus
1764 1872 1927 1934 bella
1969 1875 2261 1936 ministrat
2302 1876 2389 1936 eis
2408 1896 2427 1951 ;

948 1972 1029 2033 Et
1069 1973 1210 2050 quia
1250 1972 1590 2050 belligeram
1632 1972 1799 2032 ducit
1838 1974 2029 2033 clerus
2072 1974 2259 2035 modo
2299 1974 2499 2047 vitam,

946 2073 1176 2131 Auctor
1217 2089 1322 2132 eos
1361 2071 1526 2147 pacis
1568 2089 1691 2131 non
1737 2071 1902 2131 iuuat
1944 2072 2073 2148 ipse
2113 2072 2280 2133 deus.

948 2169 1192 2229 Dixerat
1231 2168 1312 2229 ad
1355 2170 1598 2229 Petrum
1640 2169 1888 2243 Cristus
1939 2172 1953 2201 ‘
1972 2170 2359 2247 Quicumque
2398 2171 2657 2231 virorum

948 2268 1209 2327 Percutit
1251 2267 1313 2325 in
1355 2266 1573 2345 gladio,
1618 2267 1741 2326 fine
1780 2266 1997 2344 peribit
2038 2270 2181 2329 eo’:

949 2365 1083 2425 Nec
1115 2366 1330 2441 poterit
1373 2365 1494 2424 salli
1536 2366 1726 2425 fateor
1766 2367 2072 2426 sentencia
2114 2366 2311 2441 Cristi,

950 2463 1244 2537 Quamuis
1285 2463 1363 2523 sit
1402 2463 1543 2524 cleri
1585 2465 1851 2523 mortifer
1892 2465 2050 2524 ensis
2093 2464 2193 2524 ibi.
2890 2490 2989 2541 340

949 2560 1306 2621 Percuciunt
1347 2578 1490 2621 ense
1509 2582 1526 2635 ;
1587 2560 1635 2621 si
1678 2562 1934 2639 quisque
1973 2563 2309 2639 repercutit,
2355 2563 2500 2624 inde

951 2658 1258 2735 Dampnat
1298 2676 1437 2718 eum
1480 2658 1614 2718 libri
1655 2659 1753 2720 lex
1792 2660 2051 2736 positiua
2092 2661 2255 2721 noui.

950 2756 1225 2817 Predicat
1265 2774 1342 2817 en
1386 2758 1612 2830 Petrus
1658 2768 1749 2817 set
1789 2767 2015 2835 pugnat
2056 2776 2212 2835 papa
2252 2758 2591 2832 modernuS,

949 2854 1075 2914 Hic
1116 2855 1362 2929 animaS,
1405 2856 1556 2915 alius
1597 2856 1791 2933 querit
1831 2874 2045 2916 auarus
2088 2874 2270 2933 opes:

952 2953 1077 3012 Hic
1117 2954 1227 3012 fuit
1269 2954 1502 3014 occisus
1544 2972 1653 3030 pro
1694 2954 1823 3013 iure
1865 2954 1981 3028 dei,
2026 2964 2230 3013 tamen
2272 2954 2418 3015 alter

950 3050 1206 3124 Occidit,
1253 3069 1452 3129 neque
1493 3053 1584 3111 ius
1625 3052 1711 3111 sic
1754 3051 1935 3111 habet
1976 3051 2104 3128 ipse
2145 3052 2330 3112 deus:

950 3148 1340 3224 Simplicitate
1380 3149 1564 3209 fidem
1607 3168 1731 3209 non
1774 3148 1997 3208 viribus
2036 3150 2251 3210 excitat
2291 3168 2461 3222 vnuS,

950 3246 1119 3305 Alter
1158 3256 1218 3306 et
1259 3248 1321 3305 in
1363 3248 1602 3324 pompis
1643 3258 1931 3326 prouocat
1971 3266 2136 3308 arma
2177 3249 2381 3325 magis·

1030 3344 1175 3403 Vult
1219 3345 1386 3405 Deus
1427 3356 1488 3405 vt
1529 3365 1653 3406 non
1695 3348 1773 3406 sit
1813 3348 2122 3406 temeraria
2163 3358 2365 3405 nostra
2404 3348 2661 3423 querela,

950 3441 1054 3501 Set
1095 3442 1253 3502 mala
1293 3461 1414 3520 que
1454 3446 1712 3520 patimur
1752 3445 2015 3505 vindicet
2056 3444 2155 3504 illa
2197 3444 2383 3505 deus:
2890 3466 2991 3517 350

951 3540 1224 3601 Hostiles
1264 3542 1422 3601 acies
1465 3542 1827 3619 inimicaque
1867 3542 2162 3602 vinximus
2205 3562 2325 3615 ora,

949 3633 1108 3694 Cum
1151 3634 1370 3695 vindex
1410 3646 1640 3695 nostras
1683 3636 1909 3696 nesciat
1950 3637 2034 3695 ira
2076 3636 2215 3696 viaS.

951 3732 1244 3793 Mollibus
1287 3734 1348 3792 in
1390 3733 1568 3794 rebus
1611 3753 1735 3794 non
1779 3753 1843 3794 se
1885 3734 2099 3811 probat
2140 3734 2309 3794 accio
2351 3734 2546 3808 Cristi,

949 3829 1253 3906 Tempore
1293 3840 1382 3891 set
1423 3832 1575 3892 duro
1617 3851 1683 3891 se
1724 3832 1936 3909 probat
1975 3833 2094 3892 alta
2136 3833 2322 3893 fides:

953 3926 1177 3987 Militat
1217 3927 1280 3987 in
1323 3929 1522 3991 Cristo
1563 3930 1663 4007 pia
1703 3949 1824 4007 que
1866 3931 2159 4007 pacientia
2202 3930 2350 3989 tristi

952 4026 1269 4085 Materiam
1311 4045 1447 4087 vere
1487 4037 1757 4104 tempore
1800 4027 1993 4088 laudis
2036 4025 2233 4088 habet.

952 4122 1182 4183 Cristus
1225 4135 1349 4184 erat
1389 4126 1647 4201 pacienS,
1693 4125 1910 4202 probra
1950 4127 2097 4186 dum
2140 4126 2273 4186 tulit
2314 4126 2535 4199 omnia,
2580 4136 2671 4186 set
2712 4144 2821 4185 nos

955 4221 1050 4281 De
1091 4220 1249 4280 facto
1289 4222 1541 4282 minimo
1582 4235 1928 4283 commouet
1968 4225 2053 4283 ira
2095 4225 2297 4285 modo.

1151 4334 1392 4402 Heading
1451 4354 1482 4386 a
1506 4338 1698 4390 dicitur
1714 4348 1888 4390 tamen
1913 4356 2049 4389 nunc
2077 4340 2123 4388 D
2193 4342 2385 4391 dicitur
2404 4348 2575 4392 tamen
2606 4340 2644 4390 L

1172 4428 1267 4478 351
1304 4416 1562 4467 vinximus
1585 4418 1722 4468 SDL
1789 4418 2039 4469 vincimus
2055 4419 2252 4471 CEHG
