3434 5142
818 470 942 533 330

392 1310 494 1361 Hie
529 1312 580 1359 in
607 1310 768 1358 tercia
795 1316 944 1371 parte

323 1378 532 1427 cronice
554 1374 870 1438 compositor
890 1376 943 1424 in

325 1442 580 1505 principio
619 1440 778 1490 finem
829 1456 942 1503 pre-

323 1507 576 1557 meditatus
597 1506 693 1558 sub
715 1522 811 1569 spe
832 1507 942 1569 glo·

325 1574 398 1623 rie
423 1574 590 1623 future
612 1574 813 1623 letatur.

389 2379 625 2440 Qualiter
646 2383 710 2430 ad
735 2383 942 2431 modum

325 2443 479 2506 talpe‚
497 2461 597 2507 que
611 2460 818 2509 semper
841 2456 944 2497 ter-

324 2526 430 2558 ram
441 2511 693 2563 eflodiens
702 2528 815 2562 eam
825 2528 944 2561 con·

327 2577 471 2623 tinue
523 2577 793 2641 subuertit,
850 2593 944 2627 rex

328 2641 598 2701 Ricardus‚
607 2650 819 2693 vtsuum
832 2658 946 2705 reg-

329 2722 446 2755 num
473 2708 720 2757 tirannice
746 2710 943 2771 disper-

326 2774 432 2832 dat,
445 2773 664 2822 assiduis
677 2774 944 2837 ymagina-

325 2837 560 2887 cionibus
629 2841 694 2888 ad
767 2840 944 2903 populi

326 2904 738 2955 destruccionem
761 2920 944 2955 omnes

324 2984 446 3019 suas
491 2971 718 3021 cautelas
755 2971 946 3021 indesi-

329 3044 519 3086 nenter
539 3036 812 3088 coniectat.

395 3930 531 3979 Nota
582 3930 808 3993 qualiter
850 3948 946 3981 rex

326 3996 500 4045 subtili
528 3996 708 4046 fraude
737 4012 947 4047 conces—

327 4078 440 4111 sum
529 4061 627 4111 sibi
706 4062 947 4125 optinuit,

326 4127 466 4189 quod
519 4128 821 4190 vbicumque
867 4144 947 4177 se·

328 4195 454 4242 dere
477 4193 630 4242 vellet
653 4208 768 4243 cum
792 4196 946 4245 certis

329 4260 569 4321 personis
627 4260 727 4309 sibi
783 4259 948 4322 assig-

329 4325 478 4387 natiS,
533 4339 630 4388 per
677 4325 820 4388 prius
870 4327 946 4375 in·
1005 4392 1012 4405 ι

1550 444 1975 512 CRONICA
2016 444 2599 509 TRIPERTITA

968 608 1304 663 aduentum
1327 605 1612 661 vuluerat
1632 604 1816 675 regni
1838 604 2073 671 fideles,
2096 608 2231 661 tam
2256 620 2551 675 proceres
2573 620 2761 675 quam
2792 620 3197 669 communes,

963 697 1146 751 deum
1169 694 1354 764 qusai
1387 710 1468 749 ex
1497 708 1630 748 vno
1653 709 1765 749 ore
1797 694 2233 749 collauda-nte·
2263 694 2631 763 pestiferum
2664 694 3007 751 Ricardum
3046 694 3197 749 suis

967 797 1048 836 ex
1111 780 1436 838 demeritis
1501 796 1701 849 regno
1769 780 2251 837 renunciantem
2328 781 2582 849 penitus
2654 797 2697 835 a
2778 782 2981 851 gradu
3066 798 3197 837 sno

967 871 1406 939 deposnerunt,
1487 868 2041 937 gratissimumque
2121 868 2352 923 Ducem
2434 868 2752 924 dominum
2832 867 3197 925 Hem-icum

969 960 1372 1027 prenotatam
1395 958 1462 1011 in
1488 958 1729 1013 Solium
1753 956 1926 1025 regie
1948 956 2332 1025 magestatis
2353 961 2763 1025 regnaturum
2788 961 3198 1013 coronantes

968 1061 1108 1101 cum
1164 1045 1396 1115 gaudio
1444 1045 1883 1109 sublimarunt,
1930 1044 2374 1101 terciodecimo
2420 1044 2522 1100 die
2569 1046 2811 1101 mensis
2858 1044 3197 1113 Octobris,

971 1134 1162 1189 Anno
1186 1133 1427 1189 domini
1449 1132 1787 1187 mesimo
1812 1130 2247 1187 tricentesimo
2272 1130 2689 1201 nonagesimo
2710 1146 2900 1187 nono.
3124 1150 3197 1185 20

1212 1294 1480 1353 Tiusrm
1521 1301 1658 1370 post
1699 1292 1835 1365 leta,
1880 1301 2018 1369 post
2056 1288 2244 1351 tristia
2282 1310 2426 1368 sepe
2466 1290 2685 1369 quieta,

1131 1388 1196 1451 Si
1236 1390 1393 1451 bene
1431 1408 1772 1467 pensemus
1818 1388 1959 1449 satis
2002 1390 2115 1449 hec
2156 1387 2469 1449 manifesta
2508 1388 2799 1449 videmus.

1131 1489 1410 1565 Regnum
1454 1489 1825 1548 confractum
1868 1484 2019 1564 regis
2060 1484 2295 1547 feritate'
2332 1487 2649 1547 subactum

1131 1586 1342 1663 Nuper
1379 1584 1617 1657 defleui,
1664 1584 1935 1647 lacrimas
1976 1595 2068 1645 set
2106 1584 2329 1646 abinde
2369 1583 2613 1663 quieui3

1134 1684 1413 1761 Regnum
1455 1693 1771 1761 purgatum
1811 1680 2109 1760 probitate
2148 1682 2321 1743 ducis
2362 1693 2717 1743 renouatum

1131 1781 1377 1840 Amodo
1417 1778 1646 1853 ridebo,
1688 1798 1805 1841 nec
1845 1778 1941 1861 ab·
1966 1778 2093 1840 eius
2134 1781 2313 1841 laude
2352 1780 2583 1839 tacebo.

1128 1877 1186 1938 O
1229 1896 1321 1936 res
1361 1876 1677 1947 laudanda,
1720 1894 1763 1936 o
1802 1894 1895 1937 res
1932 1874 2064 1935 sine
2104 1876 2224 1935 fine
2262 1878 2547 1949 notanda,

1127 1974 1227 2034 Ad
1270 1975 1512 2035 laudem
1554 1971 1751 2045 eristi,
1796 1970 1901 2049 qui
1918 1976 1923 1983 ’
1940 1991 2053 2032 nos
2094 1974 2175 2034 de
2214 1991 2449 2033 carcere
2490 1970 2639 2033 tristi

1132 2070 1205 2129 R.
1251 2080 1396 2129 tunc
1435 2068 1718 2142 custodiS,
1764 2067 1936 2147 quasi
1976 2067 2051 2129 sit
2090 2067 2389 2147 regnantis
2432 2068 2713 2141 Herodis,

1131 2166 1381 2227 Gracius
1422 2165 1627 2228 eduxit
1665 2177 1729 2227 et
1766 2168 1848 2227 ad
1886 2163 2090 2225 inclita
2128 2184 2311 2243 regna
2348 2165 2617 2229 reduxit!

1217 2262 1408 2324 Nouit
1447 2262 1608 2324 enim
1651 2264 1933 2335 mundus,
1980 2262 2273 2325 Ricardus
2313 2264 2561 2341 quando
2600 2264 2901 2326 secundus

1141 2364 1340 2423 Iustos
1381 2359 1606 2423 deleuit
1644 2380 1935 2438 procerem
1981 2379 2135 2437 quos
2176 2359 2395 2439 Anglia
2434 2360 2616 2433 fleuit,

1135 2460 1276 2538 Ipse
1317 2458 1622 2537 superbire
1665 2457 1753 2518 sic
1794 2456 1976 2537 spirat
2016 2469 2078 2519 et
2116 2457 2303 2519 alcius
2345 2459 2445 2533 ire,

1133 2558 1318 2641 Quod
1361 2555 1718 2634 dedignatur
1758 2554 2065 2633 proprium
2106 2576 2475 2635 regnumque
2518 2556 2810 2619 minatur:

1131 2653 1408 2732 Amplius
1449 2673 1522 2713 ex
1563 2672 1731 2713 more
1772 2652 1949 2714 solito
1990 2652 2259 2715 latitante
2299 2656 2495 2715 furore

1130 2750 1311 2824 Seuit,
1355 2762 1418 2811 et
1459 2750 1753 2829 oppressit
1793 2753 2085 2829 populum
2128 2750 2225 2812 cui
2264 2771 2506 2829 parcere
2545 2752 2751 2813 nescit.

1132 2847 1298 2909 Sicut
1339 2850 1590 2908 humum
1633 2846 1787 2907 fodit
1826 2856 2101 2907 euertens
2142 2850 2303 2926 talpa
2342 2868 2461 2927 que
2502 2848 2674 2923 rodit,

1130 2948 1312 3007 Vnde
1350 2957 1512 3007 caret
1547 2944 1769 3023 requie,
1812 2942 1899 3005 sic
1938 2947 2087 3006 alter
2124 2956 2303 3007 nocte
2344 2946 2580 3025 dieque,

1132 3046 1216 3103 Vt
1257 3042 1444 3122 magis
1485 3053 1711 3103 euertat
1752 3062 1999 3121 regnum
2040 3044 2207 3120 quod
2248 3044 2488 3105 demere
2528 3054 2729 3115 certat,

1132 3141 1231 3203 Sic
1271 3144 1464 3202 scelus
1505 3140 1757 3220 apponit
1796 3150 1857 3200 et
1894 3142 1973 3201 ad
2016 3143 2133 3201 hoc
2174 3160 2283 3201 sua
2322 3142 2538 3202 robora
2576 3142 2749 3220 ponit
2772 3164 2790 3217 ;

1132 3241 1216 3298 Vt
1257 3237 1533 3317 princeps
1576 3236 1793 3297 baratri
1833 3236 2055 3298 furiens
2097 3236 2244 3315 regit
2284 3248 2420 3299 acta
2458 3239 2688 3299 theatri.

1136 3338 1412 3397 Pondera
1451 3334 1757 3413 prebebat,
1802 3337 2095 3413 populum
2134 3335 2353 3413 quibus
2396 3336 2524 3415 ipse
2563 3338 2909 3415 premebat:

1134 3438 1362 3513 thote
1401 3436 1687 3495 salsarum
1728 3432 1949 3495 furiosa
1990 3433 2247 3495 caribdis
2286 3454 2577 3513 aquarum

1135 3529 1382 3609 Gurgite
1421 3529 1668 3592 feruoris
1709 3529 1879 3601 bibit,
1924 3530 2167 3603 euomit,
2212 3532 2495 3592 omnibus
2536 3532 2713 3607 horis,

1135 3630 1234 3690 Sic
1275 3628 1392 3689 sibi
1431 3630 1752 3690 collectum
1794 3627 2025 3689 facinus
2066 3629 2181 3689 sub
2221 3640 2463 3708 pectore
2502 3640 2729 3691 tectum

1136 3728 1270 3787 Rex
1309 3726 1496 3787 vomit
1537 3726 1600 3786 in
1642 3736 1900 3803 gentem,
1944 3746 2034 3800 ve,
2077 3731 2187 3788 ve!
2244 3727 2372 3788 sine
2412 3730 2543 3807 lege
2584 3739 2945 3791 manentem.
2972 3805 2979 3813 ·

1216 3828 1329 3887 Per
1367 3824 1530 3904 prius
1570 3834 1885 3903 optentum
1928 3844 2165 3903 semper
2203 3824 2317 3886 sibi
2358 3826 2812 3904 parliamentum

1135 3924 1250 3983 Per
1289 3926 1424 3984 loca
1463 3933 1795 3996 conseruat,
1839 3921 1903 3981 in
1943 3942 2068 4000 quo
2110 3924 2266 3983 mala
2305 3943 2545 4003 queque
2586 3936 2883 3999 reseruat3

1137 4022 1244 4079 Est
1286 4019 1386 4080 vbi
1428 4040 1685 4098 persona
1726 4018 1877 4099 regis
1918 4016 2216 4080 residente
2256 4039 2495 4095 corona,

1135 4118 1401 4195 Corpore
1441 4116 1708 4203 presenti
1742 4128 1858 4177 stat
1898 4114 1985 4177 ibi
2024 4115 2113 4176 vis
2154 4117 2565 4195 parliamenti:

1135 4212 1250 4285 Sic,
1294 4213 1654 4293 Vbicumque
1693 4216 1867 4276 sedet
1906 4214 2215 4293 presencia
2252 4216 2427 4294 regia,
2471 4218 2648 4289 ledet,

1138 4311 1322 4387 Quod
1363 4311 1562 4373 nullus
1603 4310 1778 4373 sciuit
1818 4310 2053 4373 sceleris
2094 4330 2213 4389 que
2254 4314 2409 4375 sacta
2448 4313 2686 4375 subiuit.

3128 2191 3191 2225 10

3126 3170 3191 3205 20

1685 4442 1929 4510 Heade'ng
1952 4445 2013 4494 18
2036 4447 2317 4497 maiestatis
2337 4446 2459 4498 CH·
