3434 5142
844 423 972 485 230

1554 396 1753 466 VOX
1809 399 2352 467 CLAMANTIS

926 1239 1146 1306 Exque
1210 1237 1293 1293 de
1348 1251 1563 1293 errore
1618 1237 1688 1291 in
1753 1238 2023 1306 singulis
2085 1238 2525 1306 temporalium
2589 1239 2888 1308 gradibus
2949 1255 3056 1296 ex·

856 1329 1091 1383 inmte
1152 1327 1502 1382 tractatum
1572 1329 1693 1391 ent,
1757 1325 1887 1381 iam
1945 1327 2096 1394 quia
2151 1341 2652 1395 vnnmqnemqne
2711 1329 2829 1382 sub
2893 1329 3058 1396 legis

856 1415 1111 1470 iusticie.
1152 1414 1492 1482 gubernari
1532 1415 1802 1483 oportet,
1841 1415 2123 1469 tractare
2167 1414 2436 1469 vlteriue
2483 1415 2757 1470 intendit
2801 1415 2883 1471 de
2925 1415 3060 1469 illis

857 1502 965 1569 qui
1005 1501 1162 1555 iuris
1200 1501 1480 1557 ministri
1522 1501 1832 1566 dicuntur,
1875 1502 2162 1569 quamuis
2201 1503 2420 1557 tamen
2468 1502 2590 1571 ipsi
2631 1518 2884 1558 omnem
2923 1503 3058 1558 onis

858 1589 1127 1644 cautelis
1166 1588 1485 1644 iusticiam
1522 1589 1938 1652 confundunt,
1978 1593 2046 1645 et
2085 1594 2344 1658 propter
2377 1590 2590 1645 mnndi
2631 1591 2872 1646 lucrum
2913 1591 3058 1645 mul·

858 1675 1159 1745 upliciter
1194 1679 1517 1733 enei-nant.

710 2043 907 2118 capm.
938 2039 975 2098 i.

1576 1875 1824 1950 Incipit
1863 1875 2040 1936 liber
2078 1873 2358 1938 sextus.

1138 2047 1247 2097 unt
1287 2035 1473 2096 modo
1513 2053 1697 2112 quam
1738 2033 1937 2111 plures
1977 2051 2200 2094 nomen
2242 2034 2322 2094 de
2362 2033 2494 2111 lege
2529 2044 2818 2112 gerenteS,

1181 2135 1305 2211 Qui
1346 2145 1548 2194 tamen
1590 2133 1653 2193 in
1694 2143 1862 2210 parte
1901 2149 2127 2192 nomen
2167 2130 2394 2191 habent
2433 2132 2564 2192 sine
2603 2149 2702 2195 re:

1026 2235 1135 2294 Hii
1176 2234 1307 2294 sine
1347 2234 1478 2310 lege
1518 2232 1617 2292 dei
1658 2231 1774 2290 sub
1813 2231 1946 2308 lege
1985 2230 2092 2289 viri
2133 2231 2302 2308 quasi
2344 2230 2552 2290 fictum

1022 2335 1327 2408 Vsurpant
1366 2348 1591 2390 nomen
1632 2328 1780 2406 legis
1821 2326 2044 2388 habere
2083 2345 2298 2402 suum3

1026 2429 1136 2489 Est
1177 2427 1395 2506 quibus
1435 2426 1633 2488 omnis
1672 2444 1843 2486 amor
1883 2437 2214 2496 εχει-εοεαε,
2257 2425 2454 2484 omnis
2493 2436 2555 2485 et
2595 2442 2756 2485 error

1025 2527 1335 2586 Proximus
1376 2535 1437 2586 et
1476 2524 1697 2601 proprii
1739 2541 1920 2584 causa
1959 2533 2156 2583 creata
2195 2522 2377 2582 lucri:

1028 2624 1153 2683 Hic
1194 2621 1377 2696 labor,
1422 2622 1540 2682 hoc
1580 2639 1734 2698 opus
1777 2630 1868 2681 est
1907 2621 2102 2699 primo
2141 2639 2282 2680 cum
2324 2637 2572 2680 munere
2611 2619 2792 2697 iungi,

1028 2721 1138 2780 Est
1179 2721 1309 2781 sine
1350 2738 1475 2797 quo
1514 2719 1715 2797 lingue
1757 2729 1923 2780 muta
1961 2719 2201 2796 loquela
2242 2737 2363 2778 sue.

1027 2819 1151 2894 Qui
1192 2829 1395 2878 tamen
1435 2817 1516 2878 ad
1555 2835 1723 2878 veras
1764 2818 1925 2896 leges
1965 2827 2151 2890 vacat,
2196 2827 2256 2876 et
2297 2817 2427 2876 sine
2467 2815 2674 2876 fraude

1029 2917 1334 2977 Iusticiam
1376 2915 1621 2994 querule
1661 2915 2050 2993 proximitatis
2091 2915 2229 2992 agit,
3013 2936 3077 2972 10

1026 3017 1109 3074 Vt
1151 3014 1455 3092 psalmista
1494 3013 1679 3089 canit,
1718 3025 1810 3074 est
1851 3015 1938 3073 vir
1975 3013 2166 3090 magis
2207 3013 2308 3072 ille
2347 3009 2597 3087 beatus3

1028 3114 1262 3173 Paucos
1304 3122 1395 3172 set
1434 3112 1582 3172 tales
1625 3111 1745 3170 iam
1787 3111 1900 3172 sibi
1943 3120 2180 3187 tempus
2221 3109 2420 3171 habet.

1028 3213 1228 3271 Aurea
1269 3227 1468 3287 pugna
1508 3228 1674 3270 nouo
1716 3210 1805 3269 sic
1845 3209 2098 3269 conterit
2139 3209 2333 3268 vicere
2375 3207 2556 3285 legeS,

1032 3309 1186 3369 Lesa
1226 3307 1393 3385 quod
1432 3307 1674 3368 vlterius
1714 3309 1843 3367 iura
1883 3307 2074 3366 salute
2115 3316 2337 3366 carent.

1114 3407 1257 3466 Hoc
1297 3424 1409 3482 ego
1451 3406 1619 3483 quod
1660 3402 1852 3482 plebis
1893 3423 2011 3464 vox
2050 3405 2268 3464 clamat
2307 3405 2522 3478 clame,
2569 3421 2681 3464 nec
2721 3403 2886 3475 νΠοε,

1027 3506 1159 3565 Sint
1200 3504 1314 3564 nisi
1356 3521 1512 3581 quos
1552 3505 1778 3563 crimen
1821 3503 2086 3576 denotat,
2132 3503 2260 3579 ipse
2303 3511 2466 3589 noto.

1030 3601 1281 3662 Talibus
1322 3602 1386 3661 in
1428 3601 1645 3679 specie,
1688 3618 1844 3677 quos
1884 3600 2088 3661 deuiat
2129 3618 2289 3661 error
2327 3618 2523 3673 auare,

1031 3701 1175 3760 Non
1214 3700 1344 3760 aliis
1386 3698 1526 3760 ideo
1566 3699 1784 3776 scripta
1823 3708 2144 3774 sequenter
2182 3717 2313 3776 ago·

1032 3797 1208 3874 Legis
1250 3796 1364 3857 sub
1406 3795 1662 3858 clamide
1702 3797 1850 3858 latet
1890 3814 2001 3870 ατε,
2044 3814 2166 3873 qua
2207 3797 2302 3856 lex
2343 3796 2474 3857 sine
2515 3795 2640 3855 iure

1030 3895 1222 3955 Vertit
1262 3905 1325 3954 vt
1368 3905 1458 3955 est
1498 3895 1648 3956 velle
1690 3895 1961 3972 quolibet
2001 3905 2136 3954 acta
2176 3893 2318 3970 die3
3015 3916 3079 3952 20

1032 3992 1335 4054 Causidici
1376 3993 1556 4053 talem
1597 4003 1878 4070 poterunt
1919 3992 2067 4054 dum
2107 3993 2369 4071 plectere
2408 3992 2620 4069 legem,

1030 4091 1481 4151 Transformant
1522 4091 1717 4151 verbis
1759 4093 1886 4152 iura
1925 4101 2120 4152 creata
2161 4091 2304 4151 suis,
2377 4093 2388 4108 '

1034 4187 1187 4247 Iuris
1228 4188 1289 4246 in
1332 4189 1525 4266 effigie
1564 4198 1704 4249 sunt
1745 4190 1953 4250 omnia
1991 4190 2150 4266 picta
2191 4188 2406 4261 colore,

1032 4287 1176 4362 Quo
1216 4286 1405 4363 tnagis
1447 4288 1751 4347 occultum
1791 4289 1901 4349 fert
1942 4287 2057 4347 sibi
2099 4287 2262 4346 lucra
2302 4287 2534 4347 forum:

1032 4385 1197 4444 Iusta
1237 4385 1332 4446 vel
1374 4384 1593 4444 iniusta
1634 4403 1758 4444 non
1800 4393 2008 4445 curant
2050 4383 2363 4462 quomodo
2402 4401 2586 4443 causa
