3434 5142
764 454 849 533 38
1466 440 1665 511 vox
1723 440 2268 509 CLAMANTIS

846 607 857 617 '
930 611 1027 671 En
1067 608 1321 672 redeunt
1361 622 1542 684 vaspe
1582 622 1701 683 que
1743 618 1934 683 nuper
1972 598 2410 681 vaspasianum

929 706 1337 786 Torquebant,
1380 706 1540 765 varia
1580 704 1848 781 dantque
1890 712 2110 763 nouata
2151 702 2325 763 mala.

931 806 1195 867 Horrida
1237 818 1574 864 muscarum
1614 802 1838 863 furiens
1879 811 2025 862 tunc
2065 800 2241 878 copia
2279 810 2446 861 tanta

932 904 1160 979 Creuit,
1198 913 1263 963 vt
1302 922 1340 962 a
1378 900 1625 962 stimulo
1662 900 1762 959 vix
1802 899 2056 959 latitauit
2094 900 2322 960 homo:

928 1004 1014 1064 Vt
1055 1002 1192 1062 furit
1234 1000 1516 1072 infernuS,
1558 998 1788 1076 agitant
1827 996 1972 1058 hinc
2009 997 2154 1058 inde
2193 997 2452 1070 doloreS,

932 1101 1155 1162 Omnia
1196 1098 1625 1176 prestimulant,
1670 1094 1876 1155 omnia
1915 1096 2040 1155 lesa
2078 1094 2304 1155 dolent.

1012 1201 1189 1259 Rana
1233 1197 1481 1274 quidem
1524 1211 1734 1255 musce
1771 1194 1971 1271 plures
2011 1193 2237 1253 sociata
2278 1196 2561 1271 pewrget,

932 1298 1073 1358 Hec
1112 1296 1273 1356 volat
1314 1290 1393 1356 ad
1434 1292 1680 1366 facinus,
1725 1292 1900 1351 saltat
1941 1302 2000 1352 et
2041 1290 2142 1350 illa
2181 1306 2457 1369 sequens.

931 1397 1202 1457 Verterat
1244 1394 1307 1452 in
1348 1410 1520 1453 ranas
1561 1406 1715 1468 quos
1759 1390 1992 1449 Latona
2033 1388 2208 1449 turba
2248 1388 2539 1449 colonum

864 1554 881 1569 ‚
934 1494 1095 1554 Ecce
1138 1492 1308 1564 redit,
1349 1506 1469 1569 que
1508 1504 1677 1549 nouo
1716 1487 1982 1564 dampna
2023 1486 2218 1547 furore
2260 1498 2445 1564 parat.
2873 1498 2978 1562 580

934 1590 1110 1652 Vlcio
1152 1608 1428 1650 ranarum
1470 1588 1582 1648 fuit
1624 1584 1863 1647 horrida
1903 1585 2080 1647 valde
2121 1604 2432 1661 nouarum,

934 1688 1237 1751 Omnibus
1276 1687 1337 1745 in
1379 1681 1661 1747 domibus
1703 1700 1830 1745 non
1871 1700 2132 1745 nocuere
2171 1700 2422 1761 parum:

933 1786 1157 1849 Omnia
1198 1785 1434 1857 fercula,
1478 1791 1696 1843 cuncta
1735 1780 1958 1843 cibaria
1998 1798 2141 1842 rana
2181 1782 2462 1853 comedit,

935 1884 1115 1945 Fudit
1155 1892 1217 1944 et
1258 1883 1321 1941 in
1360 1881 1539 1941 variis
1578 1880 1706 1941 dira
1747 1896 1984 1940 venena
2023 1880 2193 1941 lociS.

934 1984 1077 2044 Hee
1116 1981 1351 2041 fuerant
1392 1996 1549 2053 rane,
1594 1978 1808 2039 sterilis
1848 1994 2000 2055 quas
2039 1994 2232 2055 nuper
2269 1976 2550 2040 abhorret

932 2080 1203 2159 EgiptuS,
1247 2095 1369 2156 que
1400 2078 1523 2154 pari
1566 2077 1685 2136 iam
1727 2076 2017 2153 grauitate
2057 2084 2320 2137 nocent:

936 2180 1079 2239 Non
1122 2186 1247 2237 erat
1288 2176 1351 2237 in
1393 2185 1546 2235 terra
1586 2174 1825 2251 sapiens
1867 2173 2066 2234 illesus
2105 2172 2186 2233 ab
2225 2172 2370 2248 istis,

936 2276 1235 2352 Plangunt
1277 2272 1618 2351 philosophi
1660 2272 1907 2333 vulnera
1947 2272 2102 2332 facta
2143 2270 2276 2333 sibi.

938 2376 1112 2435 Rana
1150 2382 1372 2451 grauat,
1419 2380 1509 2431 set
1550 2388 1760 2430 musca
1802 2370 2006 2448 magiS,
2049 2370 2341 2430 violencia
2381 2370 2552 2431 cuius

936 2470 1240 2550 Spergitur
1280 2478 1342 2531 et
1380 2478 1605 2528 cuncta
1642 2477 1883 2545 torquet
1920 2465 2147 2545 vbique
2187 2467 2335 2528 loca.
2881 2492 2981 2545 590

936 2570 995 2632 O
1038 2569 1301 2630 vindicta
1339 2566 1551 2645 grauiS,
1595 2566 1833 2645 grauior
1872 2584 2009 2644 qua
2051 2565 2247 2626 nulla
2287 2576 2534 2643 perante

938 2667 1223 2746 Contigit,
1268 2666 1429 2727 vnde
1469 2665 1577 2725 viri
1618 2666 1756 2742 plus
1797 2663 2046 2725 doluere
2087 2663 2268 2724 boni!

1020 2767 1164 2828 Non
1206 2765 1317 2825 fuit
1358 2763 1653 2824 horridior
1694 2763 1898 2840 Egipti
1939 2778 2148 2822 musca
2189 2762 2423 2835 nociua,

942 2864 1002 2925 N
1004 2882 1075 2926 ec
1116 2862 1305 2941 magis
1344 2862 1637 2939 ingenuos
1678 2862 1885 2923 terruit
1924 2860 2057 2938 ipsa
2097 2861 2273 2935 viros,

941 2962 1109 3039 Quin
1150 2963 1339 3039 magis
1380 2961 1495 3023 hee
1534 2960 1687 3020 furie
1732 2959 2055 3036 penetralia
2095 2969 2314 3020 cuncta
2353 2958 2625 3021 volantes

940 3062 1288 3122 Scrutantur
1326 3074 1450 3136 que
1488 3059 1626 3119 viris
1666 3059 1815 3119 dant
1858 3068 2224 3118 nocumenta
2265 3054 2483 3135 probis.

942 3160 1046 3221 Nil
1086 3158 1301 3219 seruile
1342 3167 1545 3219 tamen
1587 3156 1816 3231 ledum,
1859 3166 1951 3216 set
1992 3157 2192 3217 ledere
2233 3166 2491 3233 querunt

942 3258 1114 3333 Quos
1156 3256 1345 3333 magis
1388 3256 1683 3331 ingenuus
1725 3264 1898 3314 ornat
1939 3252 2002 3313 in
2044 3253 2194 3315 orbe
2233 3264 2456 3317 status:

939 3355 1040 3417 Sic
1080 3354 1288 3415 similis
1330 3352 1602 3426 similem,
1648 3352 1734 3413 sic
1775 3352 1994 3412 rustica
2033 3353 2424 3412 rusticitatem

938 3438 1147 3514 T’urba
1189 3452 1370 3525 iuuat,
1416 3451 1582 3529 quod
1624 3452 1712 3512 eis
1753 3450 1873 3511 sint
1913 3450 2072 3510 mala
2113 3451 2297 3511 mixta
2338 3450 2530 3511 malis.
2883 3460 2987 3514 600

941 3551 1333 3614 Conueniunt
1374 3568 1595 3624 musce,
1641 3566 1824 3626 vaspe
1860 3549 2265 3627 glomerantur
2307 3550 2368 3608 in
2412 3568 2611 3621 vnum,

939 3651 1098 3710 Aera
1138 3646 1501 3709 conturbant
1542 3645 1924 3724 improbitate
1966 3665 2092 3707 sua.

938 3748 1177 3808 Toruus
1218 3754 1415 3807 oester
1454 3744 1642 3819 adest,
1684 3745 2094 3823 ciniphesque‚
2139 3747 2434 3824 cynomia,
2479 3743 2757 3821 bruchus,

944 3843 1053 3904 Est
1093 3844 1312 3921 quibus
1356 3854 1417 3905 vt
1457 3854 1673 3905 noceat
1714 3843 1844 3920 ipsa
1882 3844 2114 3904 locusta
2153 3862 2377 3905 comes,

942 3940 1209 4003 Vrbibus
1250 3953 1311 4005 et
1350 3942 1503 4004 villis
1544 3943 1818 4003 volutant
1857 3942 1991 4003 sine
2029 3944 2162 4020 lege
2203 3952 2502 4021 vagantes»,

942 4038 1404 4117 Obstabantque
1444 4042 1565 4101 suis
1606 4040 1765 4101 recia
1805 4039 1969 4101 nulla
2010 4039 2159 4102 viis:

942 4138 1001 4197 A
1041 4154 1250 4197 musca
1290 4156 1497 4200 carnes
1537 4150 1683 4200 tunc
1725 4158 1966 4199 servans
2007 4155 2133 4198 non
2175 4139 2288 4198 fuit
2329 4138 2465 4209 olla,

942 4236 1067 4296 Vas
1108 4234 1191 4295 ita
1232 4252 1345 4295 nec
1384 4236 1671 4311 clausum,
1720 4238 1866 4316 quin
1908 4254 2069 4298 noua
2111 4238 2258 4297 rima
2301 4244 2480 4314 patet,

858 4402 960 4465 576
992 4401 1351 4468 prestimulant
1378 4402 1415 4453 S
1482 4403 1835 4467 paratimulant
1857 4404 1998 4453 CED
2194 4417 2292 4468 597
2326 4403 2513 4455 ludunt
2534 4404 2631 4455 sed
2654 4404 2836 4455 ludere
2861 4406 2909 4453 D
