3434 5142
1125 506 1408 571 LIBER
1466 507 1898 586 QUINTUS
2491 529 2614 592 215

576 663 709 724 Nec
748 681 962 724 manus
1000 663 1063 723 in
1103 664 1304 742 gladio
1343 664 1527 742 fulget
1568 665 1796 726 honore
1837 683 1984 727 suo:
2513 687 2612 740 500

578 762 639 822 Si
682 761 873 822 malus
914 773 1005 822 est
1046 763 1233 837 miles,
1276 763 1411 840 quis
1454 781 1563 824 nos
1606 764 1892 824 defendet
1934 764 1996 823 in
2036 765 2262 826 armis?

577 859 642 920 Si
683 859 881 920 mollis
921 859 1109 933 fuerit,
1154 879 1364 936 aspera
1404 871 1609 921 nostra
1650 860 1860 922 dabit:

577 958 641 1018 Si
681 957 840 1018 mala
880 956 1117 1031 milicia,
1162 959 1309 1034 quid
1352 958 1547 1018 clerus
1587 959 1680 1019 vel
1723 958 1836 1020 sibi
1881 961 2073 1020 cultor

580 1057 858 1130 Possunt,
902 1055 1049 1114 dum
1092 1054 1318 1116 foribus
1357 1075 1566 1134 guerra
1606 1055 1832 1134 patebit
1873 1058 1960 1118 eis
1980 1060 2009 1119 ἰ’

580 1153 640 1214 Si
682 1155 841 1214 mala
882 1152 1101 1236 milicia
1139 1152 1331 1228 fuerit,
1376 1165 1522 1213 tunc
1563 1153 1751 1214 hostis
1793 1155 2024 1232 agenda

581 1253 703 1312 Dat
743 1269 1033 1312 renouare
1074 1251 1247 1326 ferus,
1292 1253 1396 1329 qui
1436 1252 1588 1312 solet
1628 1271 1760 1314 esse
1801 1253 1952 1331 pius.

580 1350 679 1410 Sic
719 1349 917 1410 bonus
958 1349 1058 1410 ille
1099 1348 1277 1419 bona,
1320 1351 1511 1410 malus
1550 1361 1655 1411 aut
1696 1352 1852 1411 mala
1893 1351 2004 1412 fert
2045 1339 2384 1426 metuenda,

581 1449 703 1524 Qui
743 1447 893 1525 gerit
934 1447 996 1506 in
1038 1445 1317 1506 manibus
1358 1459 1562 1508 nostra
1602 1449 1825 1510 tuenda
1865 1450 2002 1510 suis.

584 1547 820 1607 Munda
862 1563 1073 1605 manus
1116 1545 1264 1605 mire
1304 1545 1614 1622 probitatis
1655 1547 1921 1607 conferet
1962 1547 2131 1620 ictus,

582 1646 744 1704 Dum
788 1644 1016 1721 polluta
1054 1643 1177 1703 suis
1216 1644 1493 1704 sordibus
1533 1662 1677 1704 arua
1714 1645 1900 1722 fugit:¹
2523 1668 2622 1720 510

582 1741 877 1804 Conscius
918 1743 1045 1818 ipse
1088 1740 1220 1816 sibi,
1264 1741 1421 1802 mala
1463 1742 1609 1802 dum
1652 1743 2038 1828 meditabitur
2077 1753 2226 1818 acta,

584 1841 841 1915 Hesitat,
886 1849 947 1900 et
990 1839 1147 1899 varia
1188 1849 1392 1899 mente
1434 1840 1667 1900 vacillat
1709 1858 1880 1916 opus.

584 1937 860 2000 Moribus
900 1956 1065 1997 arma
1105 1937 1322 2015 vigent,
1366 1938 1535 1997 aliter
1575 1938 1813 1998 fortuna
1853 1940 2094 2013 recedit,

584 2037 713 2098 Stat
754 2035 1019 2114 probitas
1061 2035 1227 2095 viciis
1270 2035 1538 2112 proxima
1580 2036 1748 2095 nulla
1787 2036 1910 2096 diu.

664 2131 941 2196 Moribus
982 2151 1121 2211 ergo
1164 2133 1355 2206 stude,
1400 2133 1588 2205 miles,
1635 2133 1925 2211 viciisque
1967 2135 2173 2195 resiste

583 2232 854 2310 Belliger,
898 2239 959 2291 et
999 2230 1195 2290 valide
1237 2230 1483 2306 publica
1522 2231 1650 2291 iura
1694 2232 1854 2292 soue.

582 2331 693 2392 Est
732 2328 917 2390 michi
957 2328 1044 2387 nil
1082 2337 1329 2388 cunctas
1370 2337 1661 2388 terrarum
1706 2331 1947 2390 vincere
1989 2341 2230 2404 turmaS,

584 2429 751 2488 Dum
791 2426 923 2488 solo
962 2426 1118 2485 vicio
1159 2426 1368 2485 vincor
1411 2426 1652 2486 inermis
1695 2444 1844 2504 ego:

584 2527 717 2586 Nec
756 2523 945 2602 magis
987 2523 1051 2582 in
1092 2522 1269 2600 culpa
1311 2523 1460 2600 quid
1501 2523 1676 2585 obest
1717 2542 1902 2602 quam
1944 2525 2115 2586 miles
2156 2525 2237 2586 ad
2276 2544 2439 2586 arma

582 2623 833 2696 Tardus,
878 2631 940 2683 et
979 2621 1207 2682 assissis
1249 2631 1560 2698 promptus
1603 2623 1800 2682 inesse
1841 2623 2035 2684 lucris,
2529 2645 2630 2695 520

584 2721 885 2783 Hostibus
928 2731 989 2782 vt
1031 2719 1238 2798 perdix
1277 2720 1488 2780 vicinis
1530 2721 1941 2799 ancipiterque

584 2821 765 2880 Miles
806 2819 953 2880 dum
997 2819 1239 2892 steterit,
1284 2837 1377 2879 res
1420 2817 1534 2878 sibi
1575 2819 1711 2880 vilis
1755 2819 1882 2880 erit.

587 2921 731 2981 Non
771 2918 925 2978 valet
967 2917 1066 2977 hic
1107 2917 1325 2995 dig-nus
1364 2917 1738 2995 amplexibus
1779 2935 1914 2978 esse
1954 2917 2253 2991 RacheliS‚

587 3017 803 3077 Inclita
843 3033 1025 3093 quem
1070 3015 1281 3075 Martis
1322 3033 1486 3074 arma
1526 3012 1706 3075 beare
1749 3025 2004 3093 negant:

588 3116 729 3191 Que
768 3113 1038 3191 speciosa
1078 3113 1205 3173 viro
1246 3113 1349 3172 tali
1390 3113 1676 3173 concedit
1716 3131 2008 3188 amorem,

588 3214 759 3273 Errat
799 3222 861 3273 et
901 3213 1131 3290 ignorat
1171 3209 1320 3287 quid
1360 3211 1435 3270 sit
1474 3211 1693 3270 amoris
1735 3211 1947 3271 honor.

590 3313 715 3389 Lya
756 3311 943 3388 magis
984 3309 1123 3370 feda
1162 3327 1273 3386 pro
1314 3308 1571 3385 coniuge
1612 3309 1885 3385 congruit
1927 3309 2115 3368 immo

589 3409 743 3483 Tali,
788 3409 891 3485 qui
934 3408 1182 3468 minime
1221 3415 1389 3484 gesta
1428 3406 1643 3468 valoris
1685 3405 1904 3467 habet:

588 3507 767 3568 Tales
808 3505 887 3566 ad
931 3505 1115 3581 Lyam
1157 3505 1404 3564 redeant
1444 3515 1504 3566 et
1544 3522 1676 3565 eam
1721 3503 1836 3564 sibi
1877 3505 2140 3582 iungant,

592 3606 715 3682 Lya
753 3603 830 3664 sit
869 3603 969 3661 hic
1006 3603 1275 3679 pauiduS,
1321 3604 1423 3681 qui
1467 3604 1673 3680 nequit
1714 3621 1846 3664 esse
1889 3602 2136 3663 Rachel.
2531 3621 2633 3676 530

593 3702 809 3762 Nullus
850 3711 1083 3761 ametur
1124 3699 1310 3760 homo
1352 3701 1453 3778 qui
1498 3718 1623 3760 non
1664 3711 1756 3761 est
1797 3700 2014 3778 dignus
2055 3718 2276 3771 amore,

590 3802 679 3861 Sit
721 3810 811 3861 set
850 3801 1071 3860 amoris
1112 3817 1296 3876 egens
1335 3799 1439 3876 qui
1482 3807 1660 3876 negat
1700 3799 1830 3858 eius
1873 3817 2060 3859 onus:

594 3899 738 3959 Non
779 3899 909 3958 sine
950 3898 1204 3959 sollicito
1245 3897 1520 3973 septenni
1548 3897 1832 3973 temporis
1873 3905 2010 3956 actu

594 3998 824 4074 Captus
862 4015 1067 4056 amore
1112 3993 1299 4054 Iacob
1340 3995 1495 4055 colla
1536 3993 1822 4054 Rachelis
1863 3993 2062 4055 habet.

674 4094 777 4155 Set
818 4111 1000 4171 quem
1042 4110 1221 4152 causa
1262 4092 1409 4150 lucri
1450 4103 1654 4153 mouet
1696 4101 1760 4152 vt
1801 4092 2085 4168 procedat
2125 4094 2203 4153 ad
2243 4111 2424 4167 arma,

596 4193 775 4253 Miles
817 4192 1047 4252 honore
1087 4208 1198 4250 suo
1241 4189 1325 4249 nil
1366 4189 1679 4267 probitatis
1721 4189 1918 4249 habet.

592 4291 860 4351 Vulturis
900 4299 991 4350 est
1031 4288 1347 4348 hominum
1389 4297 1601 4347 natura
1639 4287 1934 4350 cadauera
1974 4289 2142 4364 velle,

593 4389 678 4449 Vt
718 4387 889 4448 cibus
930 4395 1199 4447 occurrat
1240 4385 1456 4447 bellica
1494 4396 1686 4446 castra
1727 4386 1895 4466 sequi
1911 4405 1927 4458 3

529 4516 629 4566 50¹
664 4517 763 4553 nos
786 4499 1024 4553 CEGDL
1089 4515 1195 4550 non
1228 4497 1450 4550 SHTH·
1645 4513 1743 4562 507
1779 4499 1837 4551 Si
1859 4499 1949 4550 ΟΕ
2147 4515 2247 4564 529
2271 4499 2412 4550 Liam
2437 4499 2521 4549 SI.
