3434 5142
454 4300 513 4335 21
565 4286 745 4336 themo
790 4286 879 4337 (ΖΕ

1124 460 1411 525 LIBER
1470 461 1836 567 PRIMUS

547 624 770 698 Gloria,
814 624 915 683 lux
956 622 1237 695 renitens»,
1280 622 1567 700 splendor
1605 633 1667 683 et
1709 641 1893 685 omne
1933 622 2136 685 decus.

547 726 781 783 Aureus
820 722 947 781 axis
988 730 1131 793 erat,
1176 738 1289 781 nec
1330 732 1496 781 temo
1536 721 1605 781 fit
1644 722 1794 782 alter
1833 720 1913 782 ab
1955 738 2119 797 auro,

548 818 837 897 Splendet
878 829 939 879 et
980 820 1041 879 in
1086 819 1283 879 curuis
1323 836 1503 879 aurea
1542 837 1768 898 pompa
1808 820 1970 881 rotis,

548 921 661 979 Per
702 918 837 995 iuga
876 926 1211 995 gemmatus
1251 925 1565 994 argenteus
1606 917 1758 978 ordo
1799 918 2132 993 choruscat,

550 1016 839 1078 Crisolitis
880 1014 1081 1075 radios
1122 1014 1361 1092 prebuit
1400 1014 1561 1076 vnde
1602 1034 1786 1091 suos3

552 1115 853 1191 Ignitique
896 1132 1073 1173 suum
1114 1130 1351 1173 currum
1392 1123 1533 1190 post
1574 1123 1738 1190 terga
1777 1114 2066 1176 vehentes

547 1214 707 1274 Aera
746 1211 1087 1288 discurrunt
1128 1211 1537 1272 celsitonantis
1576 1212 1734 1289 equi.

632 1312 933 1387 Purpurea
973 1310 1241 1370 residens
1280 1310 1509 1369 velatus
1548 1321 1715 1371 veste
1756 1310 2000 1384 refulsit,

551 1405 739 1467 Cuius
780 1405 845 1462 in
884 1414 1128 1479 aspectu
1172 1403 1375 1463 secula
1414 1414 1633 1463 cuncta
1670 1414 1896 1479 patent.

550 1504 711 1562 Ante
751 1492 927 1562 suum
970 1501 1187 1561 solium
1230 1501 1579 1579 gradiuntur
1618 1512 1874 1579 quatuor
1911 1502 2055 1561 anni

550 1601 869 1676 Tempora,
913 1618 1033 1677 que
1072 1600 1247 1661 variis
1290 1609 1533 1676 compta
1573 1598 1792 1661 diebus
1833 1611 2038 1660 erant:

550 1699 729 1757 Tunc
766 1708 971 1759 tamen
1010 1716 1049 1758 a
1088 1698 1309 1759 dextris
1350 1698 1515 1759 stetit
1554 1697 1693 1758 alba
1732 1698 2124 1775 propinquior
2163 1707 2320 1759 estas

552 1797 719 1856 Serta
757 1814 985 1872 gerens,
1030 1805 1091 1855 et
1131 1814 1266 1856 earn
1308 1805 1527 1855 cuncta
1567 1806 1764 1857 creata
1805 1796 2029 1856 colunt.

553 1894 775 1955 Omnia
814 1903 961 1953 tunc
1000 1893 1229 1968 florent,
1273 1904 1419 1954 tunc
1459 1904 1551 1954 est
1591 1912 1754 1954 noua
1793 1894 2080 1971 temporis
2121 1903 2266 1967 etaS,

555 1994 739 2053 Ludit
780 2001 841 2053 et
882 1992 945 2051 in
986 1994 1171 2070 pratis
1210 1991 1565 2053 luxuriando
1606 2010 1810 2069 pecus.

552 2092 729 2150 Tunc
766 2090 1063 2151 fecundus
1102 2108 1257 2167 ager,
1301 2108 1585 2167 pecorum
1628 2100 1776 2150 tunc
1818 2089 1966 2150 hora
2004 2090 2267 2163 creandi,

551 2190 729 2249 Tunc
770 2197 1143 2265 renouatque
1182 2207 1323 2249 suos
1363 2188 1573 2265 reptile
1612 2187 1903 2266 quodque
1943 2188 2152 2263 iocos3

555 2289 849 2365 Prataque
890 2285 1228 2363 pubescunt
1268 2286 1563 2347 variorum
1605 2286 1751 2347 flore
1792 2286 2080 2360 colorum,

554 2385 935 2462 Indocilique
976 2385 1195 2461 loquax
1235 2394 1475 2462 gutture
1512 2393 1717 2444 cantat
1756 2385 1925 2459 auis;

553 2484 812 2560 Queque
852 2483 958 2543 diu
999 2483 1169 2543 latuit
1208 2492 1353 2542 tunc
1394 2500 1461 2543 se
1500 2500 1621 2559 qua
1662 2483 1832 2542 tollat
1873 2482 1934 2541 in
1975 2498 2148 2543 auras

554 2581 799 2640 Inuenit
840 2580 1137 2640 occultam
1179 2580 1383 2640 fertilis
1424 2578 1609 2640 herba
1648 2579 1846 2654 viam3

549 2679 849 2755 Tuncque
891 2678 1207 2754 pruinosos
1248 2678 1512 2738 mollitur
1554 2676 1792 2738 Lucifer
1829 2695 2020 2755 agros,

554 2778 752 2854 Inque
793 2794 935 2837 suos
975 2776 1171 2853 pullos
1210 2777 1477 2836 eoncitat
1516 2776 1639 2835 ales
1682 2794 1852 2852 opus,

552 2876 729 2934 Tunc
770 2874 1033 2952 glacialis
1074 2891 1284 2951 yemps
1322 2890 1508 2933 canos
1551 2873 1776 2933 hirsuta
1819 2872 2069 2951 capillos

556 2973 812 3045 Deserit,
857 2982 918 3033 et
958 2972 1183 3050 placidi
1224 2972 1495 3033 redditus
1534 2970 1699 3032 orbis
1740 2981 1902 3033 erat:

556 3072 863 3148 Quicquid
906 3089 1113 3148 yemps
1156 3071 1347 3147 operit
1387 3069 1589 3148 gelido
1630 3069 1711 3130 de
1753 3069 1966 3146 frigore
2007 3068 2186 3142 cedit,

554 3168 635 3229 Et
675 3168 913 3245 periunt
952 3169 1118 3245 lapse
1158 3152 1286 3229 sole
1326 3176 1573 3245 tepente
1613 3168 1804 3227 niues.

552 3264 885 3327 Arboribus
924 3260 1178 3327 redeunt
1217 3266 1471 3326 detonse
1510 3265 1725 3343 frigore
1765 3265 2026 3340 frondes,

554 3366 794 3443 Regnat
833 3374 894 3427 et
934 3366 1138 3425 estatis
1178 3382 1403 3441 pompa
1444 3382 1551 3441 per
1588 3381 1774 3425 omne
1816 3382 2070 3425 nemus:

555 3463 721 3521 Rore
759 3461 977 3523 refudit
1017 3464 1288 3536 humum,
1332 3462 1439 3523 dat
1477 3471 1631 3523 terre
1670 3462 1955 3539 gramina,
2001 3460 2166 3521 siluis

554 3560 841 3633 FrondeS,
883 3558 1197 3620 arboribus
1238 3577 1541 3637 pomaque
1579 3570 1746 3637 grata
1785 3559 1969 3620 satis:

556 3658 729 3718 Mille
770 3658 880 3717 suit
920 3657 1097 3717 variis
1136 3658 1352 3719 florum
1392 3667 1682 3719 renouata
1721 3657 1978 3731 coronis

556 3754 840 3817 Herbifer
880 3758 943 3816 in
982 3756 1155 3816 cuius
1196 3756 1327 3834 lege
1366 3755 1604 3816 virescit
1644 3772 1801 3832 ager.

556 3854 696 3913 Flos
738 3872 847 3913 sua
885 3872 1067 3931 regna
1106 3854 1275 3931 petit,
1316 3854 1653 3931 florumque
1694 3851 1996 3912 coloribus
2036 3849 2270 3928 amplus

557 3952 741 4011 Ludit
779 3968 938 4027 ager,
978 3970 1098 4027 que
1138 3970 1282 4011 suus
1320 3950 1541 4029 gaudia
1578 3951 1778 4011 vultus
1826 3948 2023 4009 habet.

554 4049 687 4107 Iam
729 4048 871 4125 legit
910 4048 1171 4126 ingenua
1206 4049 1394 4109 violas
1434 4046 1551 4108 sibi
1591 4058 1834 4125 compta
1874 4047 2074 4125 puella

553 4145 825 4221 Rustica,
865 4164 1013 4223 quas
1058 4146 1223 4205 nullo
1264 4154 1419 4207 terra
1458 4154 1695 4206 serente
1735 4145 1916 4206 vehit.

2505 480 2588 549 23'

2528 1623 2592 1673 30

2529 2600 2596 2650 40

2528 3576 2596 3627 50

1098 4304 1165 4347 40
1222 4286 1341 4337 Text
1381 4286 1567 4337 CEGT
1650 4286 1854 4337 ffertilis
1896 4286 2152 4337 occultam
2197 4283 2398 4333 inuenit
2430 4282 2592 4332 herba

390 4366 525 4413 viam
567 4364 661 4415 SD
746 4365 947 4417 ffertilis
992 4367 1195 4417 inuenit
1240 4366 1497 4417 occultam
1540 4366 1701 4417 herba
1744 4365 1884 4416 viam
1927 4364 1970 4415 L

389 4458 493 4495 om.
516 4442 560 4495 E
582 4442 781 4511 (blank)

2204 4376 2264 4422 4¹
2317 4362 2599 4425 pruinosos
