3434 5142
1135 482 1417 551 LIBER
1475 486 1945 554 SEPTIMUS
2514 512 2637 575 309

603 642 745 703 Non
787 654 973 705 status
1013 654 1116 705 aut
1157 662 1349 720 sexuS,
1393 664 1515 706 non
1557 646 1739 721 dona,
1781 664 2003 723 preces,
2047 650 2225 710 timor
2265 662 2365 711 aut
2407 652 2553 729 quid

601 743 860 802 Possunt
899 762 938 803 a
976 742 1227 803 minimo
1267 743 1473 805 tollere
1514 744 1642 804 iura
1680 742 1850 806 viro:

597 839 676 899 Et
719 840 804 900 sic
845 840 1075 901 iusticia
1115 841 1353 901 redimit
1392 842 1845 919 quodammodo
1884 843 2119 921 culpam

597 936 824 1011 Carnis,
870 956 990 1015 que
1029 938 1216 1015 fragili
1257 939 1616 999 condicione
1656 940 1835 1000 cadit.

597 1035 699 1095 Set
741 1054 850 1095 nos
891 1036 955 1094 in
996 1036 1184 1113 patria
1222 1054 1347 1097 non
1387 1037 1582 1097 solum
1622 1038 1917 1098 vincimur
1956 1038 2067 1099 ista

595 1132 688 1191 Ex
727 1134 920 1194 carnis
962 1135 1220 1209 stimulo,
1266 1153 1388 1212 quo
1430 1135 1764 1194 stimulatur
1803 1136 2027 1213 hom03

596 1233 796 1293 Immo
838 1252 976 1293 suas
1014 1242 1204 1293 metas
1244 1234 1340 1293 lex
1378 1233 1584 1292 transit
1625 1233 1827 1294 nescia
1866 1235 2025 1309 iude,

592 1330 811 1407 Sicque
851 1349 956 1408 per
997 1330 1272 1408 obliquas
1311 1330 1499 1408 patria
1539 1340 1741 1390 nostra
1780 1332 1905 1391 vias

594 1428 816 1488 Deuiat
856 1428 920 1487 in
961 1438 1146 1501 tantO,
1191 1429 1374 1505 quod,
1419 1428 1644 1503 dicunt,
1685 1430 1943 1505 amplius
1984 1431 2139 1492 ordo

593 1526 736 1587 Non
777 1526 885 1586 erit
927 1526 988 1584 in
1031 1526 1246 1586 nostris
1287 1525 1590 1603 partibus:
1644 1528 1805 1587 vnde
1846 1528 1997 1588 deus
2498 1554 2629 1604 1330

592 1624 807 1683 Visitat
848 1624 955 1683 has
997 1634 1192 1701 partes
1232 1622 1510 1696 vindicta,
1558 1625 1749 1701 qualis
1789 1623 1868 1685 ab
1911 1642 2029 1686 euo

592 1723 668 1783 In
709 1722 892 1783 nullo·
921 1723 1132 1782 mundi
1175 1732 1444 1799 tempore
1484 1722 1610 1782 visa
1645 1723 1773 1783 fuit.

589 1820 731 1880 Non
773 1830 976 1880 tamen
1015 1829 1107 1880 est
1148 1829 1300 1879 terra
1340 1838 1458 1898 que
1497 1821 1721 1896 gaudet
1760 1821 1822 1879 in
1865 1821 2147 1882 omnibus
2187 1841 2321 1897 vna,

588 1918 690 1977 Set
729 1918 918 1995 magis
959 1917 1022 1977 in
1064 1927 1266 1977 nostra
1308 1917 1374 1975 fit
1416 1918 1600 1977 modo
1642 1918 1803 1995 virga
1844 1918 2006 1980 sera:

587 2014 830 2075 Clamor
869 2012 1107 2092 vbique,
1151 2015 1306 2087 vide,
1351 2033 1474 2074 non
1517 2016 1678 2075 solus
1718 2034 2055 2093 conqueror
2094 2017 2257 2094 ipse3

588 2111 812 2188 Culpas
853 2122 974 2171 tam
1019 2113 1249 2189 patulas
1291 2122 1380 2172 est
1423 2114 1667 2172 reticere
1709 2113 1972 2191 nephas:

586 2208 684 2269 Sic
725 2209 841 2269 fleo
881 2228 1022 2268 cum
1063 2210 1260 2283 flente,
1303 2209 1398 2269 lex
1438 2210 1601 2284 fallit,
1645 2210 1817 2270 fallor
1855 2221 1914 2271 et
1957 2212 2121 2288 ipse3

586 2308 714 2367 Stat
755 2324 892 2367 mea
931 2325 1072 2366 nam
1113 2306 1392 2383 grauibus
1434 2308 1621 2384 patria
1660 2309 1841 2384 plena
1882 2309 2070 2369 malis.

667 2406 812 2479 Nos,
858 2404 1076 2482 quibus
1116 2406 1379 2465 assueuit
1419 2424 1750 2483 numquam
1791 2406 2109 2467 crudeliter
2148 2408 2229 2467 vti

586 2504 817 2576 Fatum,
863 2504 982 2562 iarn
1023 2522 1257 2580 pressos
1299 2504 1506 2564 sternit
1546 2503 1771 2580 vbique
1810 2523 1961 2565 reos,
2492 2532 2621 2583 1340

583 2603 723 2677 Que
763 2601 951 2661 fuerat
993 2602 1164 2661 tellus
1207 2603 1373 2662 omni
1415 2603 1682 2679 preciosa
1724 2603 1982 2676 meta110,

584 2698 713 2758 Iam
759 2699 966 2776 nequit
1007 2716 1080 2759 ex
1121 2698 1372 2777 plumbo
1413 2699 1650 2776 pondus
1691 2697 1915 2759 habere
1957 2719 2173 2775 suum3

579 2797 832 2873 Dignior
871 2808 1131 2873 argento,
1176 2796 1344 2856 fuluo
1384 2815 1626 2875 quoque
1665 2797 1901 2874 dignior
1940 2815 2103 2871 aure,

581 2894 802 2955 Nobile
842 2913 961 2972 que
1001 2895 1222 2971 genuit,
1266 2896 1364 2954 vix
1404 2896 1558 2955 valet
1598 2913 1729 2954 esse
1771 2894 2086 2971 quadranS.

581 2992 790 3069 Nuper
829 2993 1104 3053 dixerunt
1147 2993 1511 3070 quicumque
1549 2992 1752 3052 venire
1792 2991 2086 3064 solebant,

582 3094 598 3121 ⁸
615 3090 906 3151 Venimus
945 3090 1026 3149 ad
1065 3101 1288 3167 portus,
1333 3086 1511 3149 vbera
1554 3097 1720 3161 terra,
1766 3088 1939 3147 tuos!

579 3189 760 3248 Nunc
801 3198 1002 3248 tamen
1044 3198 1106 3247 vt
1149 3187 1357 3247 sterilis
1399 3186 1684 3263 reputaris
1728 3195 1788 3245 et
1828 3203 1909 3259 eS,
1954 3186 2095 3263 quia
2136 3206 2331 3248 mores
2578 3216 2591 3245 ι

578 3286 759 3347 Nunc
800 3304 997 3364 neque
1039 3286 1257 3345 diuicie
1298 3294 1435 3343 sunt
1477 3282 1801 3359 aliquando
1842 3292 1963 3344 tue.

577 3384 720 3459 Quo
760 3384 926 3457 ferar,
968 3382 1129 3443 vnde
1169 3392 1367 3459 petam
1409 3381 1613 3441 mestis
1654 3380 1874 3441 solacia
1913 3380 2135 3443 rebus?

576 3482 859 3541 Anchora
901 3482 1018 3540 iam
1059 3492 1321 3541 nostram
1363 3498 1488 3539 non
1530 3488 1694 3539 tenet
1736 3478 1851 3539 vlla
1890 3490 2095 3541 ratem.
2479 3505 2612 3555 ¹350

577 3580 676 3639 Sic
716 3598 866 3653 mea,
912 3596 1030 3656 que
1071 3578 1296 3638 stabilis
1339 3578 1464 3652 fuit,
1509 3578 1840 3637 infirmatur
1878 3577 2096 3655 iniquis

576 3677 772 3736 Patria
809 3676 1060 3750 iudiciis,
1103 3676 1229 3735 iura
1269 3676 1548 3754 negando
1587 3674 1759 3735 viris:

575 3775 675 3835 Sic
713 3774 906 3852 gentis
947 3774 1210 3849 domina,
1254 3774 1426 3851 quasi
1465 3774 1584 3832 iam
1624 3773 1883 3848 viduata,
1927 3774 2148 3835 tributa

575 3871 804 3932 Reddit
842 3880 1108 3948 peecat0,
1153 3882 1387 3949 statque
1426 3880 1655 3930 remota
1692 3870 1828 3930 de0.

574 3968 673 4028 Sic
713 3986 832 4045 que
873 3969 1161 4046 morigera
1203 3969 1404 4041 fuerat,
1451 3986 1612 4028 nunc
1655 3978 1744 4027 est
1784 3968 2007 4027 viciosa
2026 3988 2045 4043 3

573 4065 823 4125 Dudum
865 4066 1119 4143 legifera,
1163 4084 1325 4125 nunc
1365 4066 1494 4125 sine
1535 4065 1664 4142 lege
1704 4063 1863 4126 sera:

571 4162 670 4224 Sic
711 4181 782 4224 ea
822 4182 942 4241 que
983 4165 1142 4241 larga
1182 4163 1386 4236 suerat,
1431 4181 1592 4223 nunc
1634 4162 1787 4222 tollit
1828 4179 2017 4239 egena
2033 4182 2053 4238 ς,

571 4263 710 4338 Que
749 4264 939 4324 fuerat
978 4272 1199 4337 sancta,
1243 4263 1311 4321 fit
1349 4263 1558 4321 Venus
1599 4261 1728 4339 ipsa
1768 4261 1918 4322 dea:

569 4361 678 4421 Est
719 4360 841 4421 sale
882 4361 1001 4421 iam
1044 4378 1260 4437 spersa,
1302 4360 1492 4419 fuerat
1533 4378 1650 4436 que
1693 4357 1982 4419 fructibus
2024 4360 2237 4437 ampla,

1085 4489 1211 4538 1342
1245 4488 1395 4524 suum
1420 4472 1507 4525 SG
1571 4488 1667 4523 suo
1691 4473 1937 4525 CEHDL
