3434 5142
826 454 912 519 34
1530 427 1730 494 VOX
1789 425 2331 493 CLAMANTIS

991 590 1253 653 Auribus
1294 590 1525 651 audiuit
1564 590 1764 651 nullus
1803 588 1884 649 ab
1923 600 2066 649 ante
2105 598 2309 649 status.

1073 690 1353 767 Cumque
1392 706 1611 747 canum
1654 688 1934 766 strepitus
1977 686 2240 748 Sathane
2280 686 2598 749 descendit
2639 688 2704 747 in
2745 700 2934 761 aureS,

990 788 1233 853 Gaudet
1272 796 1334 848 et
1375 786 1641 847 infernus
1680 787 1760 847 de
1801 786 2070 845 nouitate
2109 786 2262 859 soni,
2800 802 2828 821 *
2937 808 3042 859 430

994 885 1290 947 Cerberus
1332 903 1474 945 ecce
1514 885 1679 949 canis
1721 883 1938 944 baratri
1979 893 2305 960 custosque
2344 883 2625 960 gehenne

994 984 1240 1044 Prebuit
1277 984 1551 1044 auditum
1592 982 1746 1043 letus
1789 991 1850 1042 et
1891 982 2036 1041 inde
2077 982 2256 1056 furit3

992 1084 1170 1160 Aque
1212 1101 1322 1142 suo
1364 1082 1537 1155 colle,
1582 1079 1803 1157 quibus
1845 1079 2036 1140 extitit
2077 1080 2206 1157 ipse
2245 1080 2479 1157 ligatuS,

996 1182 1184 1257 Ignea
1223 1180 1477 1257 disrupit
1516 1178 1713 1237 vincla
1753 1176 1950 1238 surore
1989 1196 2139 1253 su03

994 1278 1382 1353 Exiliensque
1423 1276 1619 1336 statim
1662 1276 1853 1335 centri
1893 1275 2228 1353 penetrauit
2267 1274 2523 1349 abisSOS,

995 1377 1313 1451 Promptus
1354 1384 1415 1434 et
1456 1375 1517 1432 in
1560 1384 1746 1434 terras
1785 1374 2140 1434 accelerauit
2181 1375 2309 1434 iter.

994 1474 1093 1533 Sic
1133 1474 1329 1533 socius
1372 1473 1565 1546 sociis,
1610 1472 1697 1533 sic
1737 1490 1846 1549 par
1861 1470 2128 1549 ‘paribus
2169 1470 2444 1543 sociatur,

996 1572 1219 1631 Presuit
1259 1581 1319 1630 et
1356 1569 1610 1630 canibus
1650 1570 1776 1630 dux
1813 1570 2007 1633 malus
2047 1570 2178 1647 ipse
2215 1569 2432 1643 malis3

998 1672 1138 1729 Dux
1178 1670 1262 1729 ita
1300 1678 1587 1729 tartareus
1626 1668 1857 1729 violens
1897 1668 2224 1727 violencius
2265 1683 2450 1727 omne

994 1768 1204 1841 Vertit,
1249 1776 1309 1826 et
1350 1784 1423 1833 ex
1463 1766 1711 1826 homine
1751 1766 1996 1825 conficit
2037 1765 2166 1842 ipse
2205 1781 2438 1825 canem.
2940 1786 3044 1835 440

1076 1866 1363 1942 Dumque
1404 1864 1570 1923 canis
1610 1860 1800 1923 rabidi
1843 1864 2097 1940 sumpsit
2137 1871 2368 1923 mutata
2410 1861 2678 1938 figuram,

996 1964 1139 2039 Ipsa
1178 1962 1391 2023 dolens
1435 1960 1698 2021 Hecuba
1739 1978 1865 2021 non
1905 1960 1992 2021 ita
2029 1978 2173 2021 seua
2215 1960 2341 2033 fuit,

995 2061 1161 2136 Quin
1203 2060 1390 2137 magis
1432 2059 1493 2118 in
1536 2058 1790 2119 mnibus
1829 2058 1960 2119 istis
1999 2059 2138 2119 furit
2180 2058 2286 2133 ira,
2325 2074 2447 2135 que
2485 2074 2724 2117 morsus
2753 2058 2758 2061 ’

996 2159 1205 2235 Figere
1245 2174 1369 2234 quo
1408 2165 1685 2233 poterant
1727 2155 1957 2234 singula
1997 2153 2270 2216 membra
2310 2163 2528 2216 terunt.

996 2256 1149 2315 Tale
1188 2273 1385 2327 eaneS‚
1432 2254 1649 2316 Cadmi
1691 2254 1796 2332 qui
1837 2253 2125 2315 dilaniare
2165 2264 2452 2330 nepotem

994 2355 1229 2413 Acteon
1270 2352 1589 2427 instabant,
1634 2369 1759 2412 non
1801 2352 2042 2412 coluere
2083 2351 2331 2428 nephas.

996 2452 1109 2512 Ille
1148 2451 1311 2529 gigas
1354 2451 1593 2511 Gereon
1634 2451 1864 2527 iugem,
1911 2449 2252 2526 Hispannia
2292 2448 2529 2509 dudum

995 2550 1197 2625 Quem
1237 2549 1459 2626 genuit,
1502 2550 1700 2626 capita
1741 2548 1894 2609 trina
1933 2547 2150 2609 canina
2187 2564 2416 2625 gemae,

995 2648 1136 2707 Non
1179 2646 1261 2706 ita
1302 2647 1661 2723 sanguineos
1704 2646 1918 2706 dentes
1958 2646 2040 2706 de
2079 2655 2273 2706 morte
2311 2644 2574 2705 virorum

995 2744 1263 2819 Exacuit,
1310 2763 1423 2804 nec
1463 2744 1547 2804 ita
1588 2744 1831 2821 pestifer
1871 2744 1970 2804 ille
2010 2743 2136 2818 fuit,
2940 2764 3045 2814 450

995 2842 1161 2917 Quin
1204 2843 1391 2920 magis
1430 2843 1695 2902 humana
1737 2852 1958 2919 strages
1998 2840 2336 2901 madefacta
2374 2857 2584 2900 cruore

996 2941 1208 3001 Fertur
1245 2939 1324 2999 ab
1365 2940 1480 3003 hiis
1518 2939 1772 3000 canibus
1812 2939 1892 3000 de
1932 2938 2152 3016 quibus
2195 2939 2323 3016 ipse
2363 2939 2594 3015 loquor.

997 3037 1199 3097 Bestia
1237 3038 1531 3114 pestifera,
1576 3054 1770 3113 nuper
1809 3054 1992 3114 quam
2032 3034 2194 3096 misit
2235 3036 2524 3109 Athenae,

996 3136 1279 3195 Destruat
1320 3145 1384 3195 vt
1423 3136 1605 3208 ciues,
1650 3144 1818 3195 mota
1860 3135 2060 3194 Diana
2099 3133 2297 3211 palam

994 3232 1175 3293 Vrbis
1216 3234 1279 3292 in
1322 3233 1579 3306 exilium,
1624 3250 1824 3309 neque
1863 3232 2004 3292 talia
2043 3230 2202 3292 bella
2243 3230 2490 3309 parauit,

997 3331 1057 3390 Ν
1060 3349 1131 3391 ec
1172 3330 1288 3391 sub
1329 3349 1401 3391 ea
1441 3332 1590 3390 tanti
1634 3329 2006 3408 procubuere
2047 3330 2193 3390 viri:

999 3428 1132 3489 Nec
1174 3428 1429 3506 Cephali·
1468 3429 1633 3489 canis
1673 3429 1818 3506 ipse,
1863 3428 2050 3489 feram
2091 3427 2194 3504 qui
2233 3445 2472 3504 prorsus
2511 3426 2591 3487 ab
2632 3427 2777 3489 vrbe

998 3527 1269 3604 Depulit‚
1314 3529 1375 3586 in
1418 3528 1585 3588 nullo
1626 3527 1843 3588 robore
1883 3526 2017 3585 talis
2059 3536 2202 3600 erat,

998 3624 1164 3685 Sicut
1205 3634 1374 3685 erant
1415 3625 1528 3699 isti,
1572 3624 1651 3685 de
1692 3642 1952 3701 quorum
1992 3623 2290 3685 morsibus
2331 3624 2530 3684 omnis

999 3721 1169 3782 Ciuis
1209 3732 1271 3783 et
1312 3723 1607 3799 ingenuus
1646 3731 2062 3783 contremuere
2101 3722 2306 3799 magis.
2943 3728 3048 3792 460

906 3910 1026 3966 Hic
1061 3912 1214 3967 dicit
1251 3927 1323 3970 se
1358 3927 1471 3980 per
1506 3912 1863 3981 sompnium
1897 3912 2186 3981 quintm
2221 3911 2403 3979 vulgi
2439 3914 2714 3971 turmam
2747 3912 2818 3967 in
2853 3926 3048 3969 mure·

832 3992 1013 4059 legas
1054 3993 1122 4046 et
1157 3991 1381 4060 vulpes
1416 3992 1657 4047 vidisse
1692 3994 2041 4051 mutatam:
2094 3992 2246 4046 dicit
2289 3992 2665 4061 mur-elegos,
2711 3994 2790 4047 vt
2824 4005 3051 4047 seruos

834 4070 1257 4139 domesticum
1294 4070 1447 4127 dicit
1468 4072 1712 4141 vulpes,
1738 4072 1889 4143 quia
1912 4071 2088 4135 fures
2110 4071 2318 4140 ruptis
2341 4071 2573 4142 vbique
2597 4070 2842 4128 Gaiolis
2865 4069 3048 4129 liberi

834 4151 989 4207 tunc
1014 4164 1128 4205 eos
1152 4148 1634 4205 comitabantur.

650 4262 847 4341 Capm.
880 4262 954 4322 vi.
1082 4261 1307 4321 Taliter
1347 4261 1409 4320 in
1453 4262 1724 4340 sompnis
1763 4281 1902 4323 cum
1944 4280 2046 4322 me
2085 4262 2306 4323 vidisse
2347 4270 2675 4342 putassem,

1006 4362 1180 4421 Visio
1219 4360 1557 4422 discurrens
1598 4378 1676 4422 en
1718 4381 1881 4423 noua
1921 4372 2186 4423 monstra
2226 4360 2427 4421 dabat.
2561 4354 2585 4359 ”

1380 4487 1477 4535 431
1516 4472 1746 4523 Iehenne
1767 4473 1812 4525 C
2010 4490 2106 4539 4⁴¹2
2141 4474 2398 4539 hyspania
2417 4472 2510 4525 ΟΕ
