3434 5142
1103 454 1392 519 LIBER
1449 454 1923 523 summus
2492 477 2615 540 307

581 614 763 675 Nunc
801 632 984 693 vagus
1027 615 1280 676 exterius
1319 616 1530 676 circuit
1569 633 1753 677 omne
1790 634 2013 693 genus:

580 712 830 772 Dudum
873 712 1182 789 presbiteri
1223 714 1388 788 casti,
1433 732 1597 773 nunc
1638 712 1956 787 luxuriosi;

578 809 730 871 Ocia
770 829 890 887 que
928 821 1183 888 querunt
1221 812 1475 888 plurima
1513 811 1776 888 dampna
1815 812 2055 871 fouent:
2490 832 2619 883 1250

579 908 673 968 Ex
717 908 917 968 studio
959 926 1156 970 mores
1197 909 1431 969 dudum
1473 907 1737 970 didicere
1778 908 2048 981 scolares,

577 1003 762 1066 Nunc
803 1016 1006 1067 tamen
1047 1018 1292 1068 econtra
1329 1016 1448 1067 stat
1488 1008 1700 1067 viciata
1740 1007 1935 1067 scola:

580 1104 886 1165 Indiuisus
927 1124 1096 1165 amor
1137 1107 1466 1167 monachos
1508 1104 1620 1165 sibi
1662 1105 1892 1165 strinxit
1931 1114 1993 1164 vt
2034 1104 2225 1177 ardor,

579 1202 763 1262 Nunc
803 1204 952 1280 petit
991 1205 1220 1264 inuidia
1247 1204 1501 1264 claustra
1540 1213 1745 1265 tenere
1784 1220 1931 1262 sua:
2046 1260 2053 1265 .

581 1301 885 1377 Asperitas
927 1302 1157 1362 dudum
1201 1303 1404 1363 fratres
1445 1303 1508 1361 in
1549 1320 1727 1362 carne
1769 1298 2073 1374 domabat,

581 1399 815 1475 Regula
858 1409 948 1460 set
991 1401 1186 1461 mollis
1227 1400 1515 1461 ammodo
1555 1408 1757 1477 parcet
1798 1399 1923 1459 eis:

583 1497 833 1556 Dudum
875 1496 1093 1558 milicia
1134 1498 1244 1558 fuit
1285 1510 1347 1559 et
1387 1497 1500 1559 sibi
1545 1499 1740 1575 gracia
1780 1506 2072 1574 prompta,

583 1594 798 1655 Gracia
839 1612 1002 1655 nunc
1043 1594 1211 1657 tarda
1251 1606 1382 1670 stat,
1427 1597 1568 1672 quia
1608 1596 1729 1655 vita
1770 1594 1927 1655 mala
1945 1618 1963 1655 t

581 1694 881 1753 Mercator
920 1694 1154 1753 dudum
1193 1696 1418 1754 iustum
1455 1694 1639 1771 peciit
1677 1692 1794 1754 sibi
1836 1695 2084 1765 lucrum,

579 1789 764 1849 Nunc
803 1809 1046 1868 quoque
1086 1791 1294 1852 fraude
1333 1810 1441 1853 sua
1477 1792 1673 1869 querit
1713 1790 1935 1851 habere
1976 1791 2175 1850 lucra:
2485 1797 2616 1848 1260

579 1886 937 1964 Simplicitas
976 1888 1162 1948 animi
1201 1890 1390 1949 fuerat
1431 1890 1656 1950 sociata
1696 1887 1914 1961 coloni,

581 1984 762 2045 Nunc
803 1987 990 2064 magis
1033 1987 1393 2047 indomitum
1434 2006 1539 2048 cor
1578 1986 1730 2065 gerit
1770 1987 1899 2064 ipse
1937 1985 2165 2046 ferum:

583 2083 707 2142 Lex
749 2082 979 2143 dudum
1020 2086 1177 2145 iusta
1217 2084 1364 2144 nulli
1401 2084 1684 2162 parcebat
1724 2083 1933 2157 amica,

583 2179 784 2254 Quam
825 2181 990 2257 vigor
1029 2182 1255 2259 argenti
1296 2180 1500 2242 subdit
1539 2182 1762 2259 vbique
1802 2180 1933 2243 sibi.

583 2277 697 2336 Par
739 2288 925 2338 status
965 2279 1290 2356 imparibus
1331 2290 1421 2339 est
1457 2278 1692 2339 actibus
1734 2286 2091 2352 attenuatuS,

581 2376 956 2454 Exceditque
993 2396 1170 2437 suum
1212 2379 1466 2455 quisque
1504 2378 1694 2437 viator
1734 2378 1859 2437 iter.

660 2475 761 2535 Sic
800 2476 988 2553 pietas
1029 2474 1268 2536 humilis
1307 2476 1529 2549 teritur,
1573 2492 1692 2553 que
1733 2474 2009 2553 superbia
2050 2484 2293 2552 regnat3

583 2572 768 2632 Liuor
805 2572 976 2633 adest
1015 2573 1197 2651 agilis,
1241 2581 1436 2650 torpet
1475 2582 1537 2632 et
1577 2574 1773 2633 omnis
1814 2590 2015 2633 amor:

584 2671 903 2730 Permanet
943 2670 1028 2729 ira
1069 2672 1245 2744 ferox,
1290 2680 1353 2731 et
1391 2669 1518 2731 abit
1555 2671 1864 2747 paciencia
1904 2670 2128 2747 suplex,

579 2768 746 2828 Viuit
785 2777 847 2827 et
885 2768 1132 2843 accidia,
1175 2769 1514 2829 sollicitudo
1556 2769 1744 2846 perit:
2488 2785 2615 2840 1270

583 2864 872 2939 Ebrietas,
917 2886 1042 2927 non
1084 2866 1387 2941 sobrietas,
1433 2877 1599 2928 tenet
1637 2866 1925 2927 ammodo
1964 2884 2217 2939 mensa8,
2262 2888 2267 2893 ·

582 2964 797 3023 Feruet
815 2973 898 3037 ⁸et
939 2962 1000 3023 in
1041 2963 1206 3024 viciis
1247 2966 1486 3042 crapula
1527 2964 1708 3040 plena
1747 2960 1931 3024 cibis:

580 3059 762 3121 Casta
802 3059 1098 3137 pudicicia
1137 3061 1369 3121 dudum
1409 3060 1752 3138 precingere
1791 3059 2029 3120 lumbos

581 3157 784 3232 Affuit,
830 3169 891 3219 et
931 3160 1116 3219 modo
1156 3160 1280 3218 vult
1321 3159 1554 3219 soluere
1594 3159 1767 3219 luxus
1806 3174 1950 3218 eos:

580 3257 789 3333 Nuper
827 3256 988 3335 larga
1028 3275 1240 3316 manus
1279 3254 1448 3332 inopi
1486 3274 1594 3315 sua
1635 3274 1882 3316 munera
1922 3255 2149 3333 spersit,

582 3355 763 3414 Nunc
803 3353 967 3431 cupit
1007 3364 1067 3415 et
1109 3354 1348 3415 bursam
1389 3352 1612 3414 claudit
1649 3372 1829 3413 auara
1870 3364 2063 3414 tenax.

664 3451 781 3512 Dic
821 3453 1009 3512 modo
1049 3463 1196 3529 quot
1236 3450 1402 3511 viciis
1441 3452 1628 3513 modo
1667 3454 1799 3512 sola
1838 3450 2117 3529 superbia
2156 3438 2457 3512 mundum

579 3550 681 3610 Ad
721 3548 863 3611 varii
904 3550 1138 3611 sceleris
1179 3548 1552 3627 precipitauit
1591 3567 1779 3627 opus:

579 3646 698 3707 Dic
740 3657 888 3725 quot
928 3646 1080 3707 liuor
1118 3648 1271 3708 edax
1309 3646 1468 3708 acies
1510 3666 1618 3707 sua
1656 3646 1827 3725 signa
1866 3656 2185 3726 sequentes

581 3744 862 3806 Subdidit
903 3743 1152 3822 imperio
1191 3744 1370 3823 vique
1409 3756 1694 3824 metuque
1737 3764 1883 3808 suo:
2446 3771 2449 3779 ·
2482 3755 2614 3803 1280

581 3841 700 3903 Dic
740 3853 888 3920 quot
927 3840 1183 3903 auaricie
1223 3843 1498 3903 manibus
1537 3845 1632 3903 vel
1673 3853 1879 3905 mente
1916 3840 2115 3921 rapaci

583 3941 917 4001 Intendunt
955 3940 1164 4019 populi
1203 3941 1329 4001 iura
1369 3942 1647 4018 negando
1687 3940 1824 4016 dei3

580 4039 750 4115 Quot
789 4039 926 4116 gula
966 4038 1194 4099 deliciis
1235 4049 1446 4115 torpet,
1491 4049 1638 4116 quot
1679 4049 1882 4115 torpor
1920 4038 2128 4099 inanes

579 4135 793 4199 Carnis
833 4136 1124 4198 adulterio
1163 4138 1327 4197 fedat
1368 4137 1430 4195 in
1473 4136 1618 4197 orbe
1659 4154 1787 4196 suo.

497 4298 500 4302 ,
578 4234 824 4314 Singula
865 4254 1083 4312 nempe
1123 4245 1289 4294 vorat
1329 4233 1528 4294 anime
1569 4251 1725 4307 care,
1769 4234 1854 4293 sic
1896 4234 2063 4311 quod
2102 4232 2323 4312 vbique

579 4331 861 4395 Subdidit
901 4332 1255 4393 inmundam
1295 4330 1544 4392 crimine
1585 4332 1848 4392 mundus
1888 4350 2057 4395 eam:

969 4415 978 4427 ι
1005 4446 1134 4510 1256
1165 4446 1334 4510 parcit
1352 4444 1442 4495 ΟΕ
1673 4444 1801 4508 1278
1834 4458 1961 4509 opoe
1983 4444 2025 4495 S

1450 4546 1496 4589 x
1529 4549 1559 4588 2
