3434 5142
814 419 941 482 218

1516 419 1713 487 VOX
1771 419 2312 486 CLAMANTIS

980 579 1323 641 Commoda
1362 589 1501 640 sunt
1542 580 1804 640 hominis
1845 580 2076 658 absque
2115 580 2322 642 labore
2363 581 2546 641 nichil
2572 603 2591 656 ;

982 677 1267 736 Rusticus
1309 695 1451 754 ergo
1490 695 1598 738 sua
1635 679 1972 738 committat
2013 677 2284 738 membra
2321 676 2534 754 labori,

982 773 1133 834 Ocia
1174 785 1559 852 postponens»,
1600 776 1756 836 sicut
1798 785 2034 853 oportet
2071 776 2184 853 agi.

986 873 1218 933 Horrea
1258 873 1412 936 sicut
1450 891 1590 952 ager
1629 874 1842 936 sterilis
1884 872 1997 935 sub
2038 892 2280 934 vomere
2320 875 2516 935 cultus

984 970 1172 1042 Fallit,
1216 980 1277 1030 et
1306 981 1653 1048 autumpno
1695 972 1806 1032 sert
1848 972 2012 1032 lucra
2053 973 2216 1032 nulla
2255 973 2525 1043 domum,

981 1069 1079 1128 Sic
1122 1068 1301 1129 miser
1339 1069 1487 1146 ipse,
1526 1081 1635 1130 tuo
1674 1087 1814 1129 cum
1859 1070 1992 1147 plus
2033 1071 2110 1130 sit
2148 1069 2344 1130 cultus
2383 1088 2604 1143 amore,

980 1165 1266 1226 Rusticus
1306 1166 1371 1224 in
1414 1165 1746 1243 dampnum
1787 1167 1936 1228 fallit
1975 1168 2219 1245 agitque
2259 1177 2450 1227 tuum.
2921 1174 3030 1225 620

982 1263 1165 1323 Nulla
1204 1262 1401 1324 serunt
1440 1275 1655 1340 sponte
1694 1265 1852 1324 serui
1893 1265 2129 1325 seruilia
2169 1266 2312 1338 iura,

980 1363 1113 1420 Nec
1154 1359 1266 1421 sibi
1308 1380 1418 1439 pro
1459 1363 1589 1439 lege
1631 1362 1781 1438 quid
1822 1361 2108 1424 bonitatis
2151 1362 2412 1424 habent:

981 1459 1289 1536 Quicquid
1328 1459 1449 1535 agit
1490 1460 1735 1537 paciens
1775 1479 1992 1537 corpus
2033 1461 2248 1521 seruile
2289 1459 2620 1534 subactum,

982 1557 1162 1615 Mens
1204 1557 1322 1633 agit
1364 1558 1608 1617 interius
1649 1575 1884 1634 semper
1925 1558 1988 1616 in
2030 1576 2214 1619 omne
2254 1558 2494 1618 malum.

980 1649 1207 1715 Contra
1248 1665 1519 1715 naturam
1560 1655 1715 1715 fiunt
1757 1657 2057 1728 miracula,
2103 1657 2256 1717 vires

982 1753 1211 1812 Nature
1252 1753 1443 1814 deitas
1484 1753 1754 1830 frangere
1796 1755 1924 1814 sola
1963 1764 2203 1831 potest:

982 1849 1124 1909 Non
1166 1861 1257 1911 est
1297 1851 1415 1911 hoc
1457 1851 1740 1925 hominis,
1785 1851 1999 1928 aliquis
2041 1852 2210 1929 quod
2249 1852 2624 1914 condicionis

981 1949 1303 2009 Seruorum
1343 1950 1577 2027 generis
1618 1943 1944 2010 rect‘ificare
1985 1959 2184 2026 queat.

890 2147 1010 2204 Hic
1069 2149 1347 2219 loquitur
1402 2151 1604 2206 eciam
1659 2150 1738 2206 de
1801 2150 2072 2208 diuersis
2119 2151 2300 2220 vulgi
2345 2151 2704 2214 laborm-lis,
2748 2152 2855 2220 qni
2911 2154 3028 2208 nub

820 2237 1085 2293 aliorum
1122 2238 1428 2307 reg-lmine
1464 2238 1776 2306 conducti,
1811 2239 2020 2296 var-li·
2065 2239 2298 2296 debent
2343 2255 2460 2310 pro
2509 2241 2676 2296 bono
2717 2242 3030 2298 communi

820 2327 1113 2395 operibus
1150 2327 1497 2395 subiugari.

652 2446 847 2522 Capru.
881 2467 932 2507 x.

1062 2449 1229 2508 Gens
1269 2458 1329 2508 et
1370 2447 1570 2508 adhuc
1608 2447 1726 2508 alia
1765 2447 2092 2510 cultoribus
2133 2458 2224 2510 est
2264 2450 2504 2525 sociata,

986 2547 1125 2622 Que
1166 2556 1280 2606 stat
1320 2547 1676 2618 communis,
1723 2547 1873 2607 ordo
1915 2565 2040 2607 nec·
2068 2548 2221 2608 vllus
2263 2548 2385 2608 eis:
2931 2555 3030 2618 630

986 2643 1097 2702 Hii
1139 2653 1278 2703 sunt
1319 2644 1423 2720 qui
1465 2642 1750 2720 cuiquam
1791 2644 2008 2704 nolunt
2051 2645 2272 2705 seruire
2313 2663 2420 2721 per
2458 2663 2702 2718 annum,

988 2741 1126 2800 Hos
1166 2741 1263 2799 vix
1304 2741 1353 2799 si
1396 2741 1527 2802 solo
1568 2759 1780 2801 mense
1819 2741 2050 2801 tenebit
2091 2742 2316 2818 hom03

986 2838 1091 2899 Set
1130 2837 1521 2899 conventiciis
1564 2837 1713 2897 tales
1757 2839 2038 2899 conduco
2081 2839 2274 2913 dietis

986 2937 1169 2997 Nunc
1209 2935 1325 3008 hic,
1370 2953 1533 2994 nunc
1574 2934 1733 3008 alibi,
1779 2954 1941 2996 nunc
1985 2936 2168 2997 michi
2210 2955 2493 3015 nuncque
2535 2935 2660 2996 tibi.

986 3034 1228 3094 Horum
1269 3034 1349 3094 de
1388 3033 1552 3094 mille
1592 3034 1688 3092 vix
1731 3043 1822 3093 est
1863 3036 2164 3112 operarius
2205 3034 2306 3095 ille

989 3130 1112 3207 Qui
1154 3130 1265 3191 tibi
1306 3131 1433 3191 vult
1474 3142 1653 3209 pacto
1694 3131 1854 3192 fidus
1896 3133 2093 3192 inesse
2134 3150 2262 3192 suo,

1070 3229 1211 3289 Hec
1252 3237 1343 3289 est
1383 3247 1531 3306 gens
1574 3230 1673 3288 illa
1714 3247 1834 3306 que
1876 3229 2190 3294 denaturat
2231 3230 2294 3289 in
2335 3229 2488 3303 aula,

990 3327 1239 3388 Potibus
1280 3337 1466 3404 atque
1506 3327 1657 3387 cibis
1700 3327 1847 3386 dum
1891 3338 2095 3388 manet
2136 3328 2264 3403 ipsa
2304 3328 2463 3388 tuis:

991 3427 1155 3484 Dum
1197 3426 1621 3485 commensalis
1662 3425 2001 3485 conductus
2043 3426 2119 3485 sit
2159 3425 2270 3485 tibi
2311 3425 2461 3499 talis,

989 3523 1220 3583 Omnes
1261 3541 1615 3583 communes
1656 3522 1934 3599 reprobat
1975 3523 2104 3600 ipse
2144 3523 2349 3584 cibos:
2935 3531 3034 3595 640

988 3620 1212 3684 Omnia
1252 3621 1405 3679 salsa
1446 3630 1684 3693 nocent,
1729 3628 1962 3680 tantum
2007 3639 2205 3698 neque
2245 3631 2420 3680 cocta
2459 3619 2798 3698 placebunt,
2823 3695 2842 3710 ,

990 3718 1071 3778 Ni
1112 3716 1225 3777 sibi
1270 3717 1379 3778 des
1420 3735 1639 3790 assum,
1686 3728 2016 3778 murmurat
2059 3719 2188 3796 ipse
2227 3720 2430 3778 statim
2450 3741 2469 3793 3

991 3814 1094 3874 Nil
1135 3814 1249 3875 sibi
1290 3815 1540 3875 ceruisia
1580 3815 1778 3874 tenuis
1818 3834 2017 3893 neque
2058 3817 2244 3877 cisera
2284 3817 2529 3888 confert,

892 3987 910 3994 ·
994 3913 1125 3992 Nec
1166 3913 1353 3973 rediet
1394 3912 1503 3974 tibi
1545 3931 1691 3986 cras,
1739 3913 1800 3971 ni
1842 3915 2088 3974 meliora
2129 3933 2316 3991 paras,

993 4009 1050 4070 Ο
1091 4028 1197 4068 cur
1237 4011 1323 4070 sic
1364 4021 1573 4088 potum
1618 4012 1765 4088 petit
1805 4012 1905 4070 hic
1947 4012 2062 4072 sibi
2104 4011 2474 4085 deliciosum,

993 4108 1196 4183 Quem
1238 4108 1401 4167 fouet
1442 4127 1513 4167 ex
1554 4105 1689 4168 ortu
1732 4109 1959 4186 limpha
2001 4109 2184 4186 petita
2225 4109 2407 4170 lacu?

996 4205 1277 4281 Pauperis
1312 4223 1385 4264 ex
1426 4205 1605 4282 stirpe
1647 4215 1839 4280 natus
1886 4225 2130 4284 quoque
2169 4225 2396 4284 pauper
2435 4217 2494 4269 et
2535 4208 2678 4285 ipse,

993 4303 1075 4363 Vt
1116 4302 1397 4365 dominus
1440 4303 1753 4363 stomacho
1793 4305 1988 4381 poscit
2028 4303 2250 4366 habere
2290 4323 2418 4365 su0.

1322 4417 1419 4478 637
1452 4414 1535 4464 No
1548 4422 1764 4480 paragr.
1791 4415 1882 4466 SD
2078 4417 2180 4480 643
2211 4417 2432 4468 seruisia
2453 4416 2544 4468 ΟΕ
