3434 5142
692 500 767 547 ιο
1493 481 1690 593 VQX
1745 479 2288 553 CLAMANTIS

1296 688 1641 805 lucipinni
1678 726 1996 802 capitum
2034 726 2191 787 rim-1
2231 726 2488 806 omi-u.

688 894 886 972 Capm.
918 896 955 958 i.
1001 896 1217 974 Exquo
1244 898 1518 957 tractauit
1546 896 1625 958 de
1664 913 1860 957 errore
1888 894 2064 969 Cleri,
2105 894 2184 955 ad
2221 913 2403 973 quem
2441 895 2723 973 precipue
2760 905 3097 956 nostrarum

1012 1004 1240 1073 spectat
1288 995 1553 1073 regimen
1600 994 1952 1066 animarum,
2003 992 2119 1052 iam
2172 992 2430 1053 intendit
2477 1002 2726 1053 tractare
2774 992 2854 1053 de
2901 1011 3098 1055 errore

1015 1092 1273 1152 virorum
1311 1091 1768 1169 Religiosorum.
1857 1091 1938 1151 Et
1964 1089 2158 1166 primo
2194 1089 2354 1151 dicet
2389 1090 2470 1150 de
2510 1090 2830 1150 Monachis
2868 1101 2929 1151 et
2964 1090 3096 1150 aliis

1012 1188 1311 1250 bonorum
1328 1190 1744 1267 temporalium
1764 1188 2206 1267 possessionem
2227 1187 2637 1266 optinentibus
2660 1210 2674 1247 :
2710 1188 2937 1249 ordinis
2955 1206 3096 1248 vero

1011 1287 1247 1347 illorum
1276 1288 1651 1349 sanctitatem
1689 1284 2144 1360 commendam,
2176 1285 2308 1346 illos
2344 1286 2626 1363 precipue
2663 1287 2768 1364 qui
2804 1287 3098 1347 conta-aria

1016 1384 1239 1445 faciunt
1267 1404 1449 1464 opera
1475 1385 1791 1462 redarguit.
2854 1384 2865 1393 ”

690 1483 890 1560 Capm.
919 1483 977 1545 ii.
1025 1484 1149 1543 Hic
1171 1484 1431 1561 loquitur
1456 1482 1536 1544 de
1560 1482 1882 1543 Monachis
1902 1483 2035 1557 inis,
2059 1482 2162 1561 qui
2191 1490 2398 1543 contra
2427 1480 2602 1559 primi
2623 1482 2850 1544 ordinis
2875 1490 3098 1543 statuta

1012 1580 1382 1642 abstinencie
1403 1580 1679 1642 virtutem
1706 1580 2046 1658 linquentes
2068 1578 2384 1641 delicacias
2412 1578 2526 1639 sibi
2548 1580 2882 1657 corporales
2903 1578 3098 1639 multi-

1014 1678 1243 1755 pliciter
1269 1688 1598 1739 assumunt.

690 1776 890 1853 Capm.
920 1774 1000 1835 iii.
1043 1776 1170 1835 Hic
1215 1775 1477 1854 loquitur
1516 1776 1769 1855 qualiter
1809 1774 2028 1837 modus
2076 1784 2137 1835 et
2184 1772 2401 1851 regula,
2455 1775 2558 1851 qui
2605 1792 2642 1833 a
2681 1772 3098 1835 fundatoribus

1015 1874 1241 1935 ordinis
1269 1874 1541 1951 primitus
1571 1876 1806 1935 fuerant
1825 1872 2152 1946 constituti,
2179 1871 2296 1932 iam
2321 1872 2555 1933 nouiter
2580 1892 2618 1933 a
2641 1872 2930 1932 viciorum
2957 1890 3098 1933 con-

1015 1971 1334 2034 suetudine
1362 1973 1426 2032 in
1452 1971 1908 2050 quampluribus
1936 1992 1964 2033 s
1976 1990 2015 2031 u
2027 1970 2068 2031 b
2079 1989 2117 2029 u
2129 1988 2164 2031 e
2177 1982 2236 2031 rt
2247 1989 2284 2029 u
2298 1990 2338 2031 n
2351 1981 2474 2031 tur.

692 2068 890 2148 Capm.
920 2070 1021 2130 iiii.
1070 2069 1194 2130 Hic
1211 2069 1474 2147 loquitur
1492 2070 1569 2131 de
1589 2070 1911 2130 Monachis
1935 2069 2064 2141 illis,
2089 2068 2194 2147 qui
2212 2078 2419 2130 contra
2439 2067 2738 2145 primitiua
2757 2066 2984 2126 ordinis
3005 2067 3097 2127 sui

1016 2176 1235 2228 statuta
1261 2167 1472 2227 mundi
1502 2168 1756 2228 diuicias
1783 2166 1863 2227 ad
1891 2184 2030 2227 vsus
2060 2166 2268 2241 malos,
2299 2183 2412 2227 suo
2439 2164 2744 2229 nesciente
2771 2164 3092 2242 preposite,

1014 2263 1352 2341 apropriare
1380 2264 1495 2325 sibi
1523 2263 1799 2324 clanculo
1829 2273 2198 2341 presumunt.

692 2362 891 2439 Capru.
922 2380 977 2421 v.
1022 2361 1147 2421 Hic
1195 2360 1459 2439 loquitur
1507 2362 1760 2439 qualiter
1805 2362 2086 2425 monachi
2137 2370 2300 2423 extra
2343 2360 2669 2423 claustrum
2715 2378 2924 2437 vagare
2973 2378 3097 2421 non

1017 2457 1262 2520 debent.

698 2556 899 2634 Capm.
928 2557 1004 2617 vi.
1050 2558 1175 2617 Hic
1211 2557 1476 2635 loquitur
1509 2557 1589 2618 de
1626 2556 1938 2619 monachis
1965 2558 2097 2630 illis,
2128 2555 2232 2636 qui
2271 2574 2395 2617 non
2434 2574 2544 2634 pro
2579 2556 2790 2617 diuino
2827 2554 3096 2629 seruici0,

1025 2665 1117 2717 set
1144 2656 1333 2733 magis
1360 2673 1470 2733 pro
1500 2655 1677 2717 huius
1716 2656 1931 2717 mundi
1967 2656 2198 2717 honore
2226 2666 2286 2717 et
2313 2654 2636 2733 voluptate,
2675 2652 2948 2715 habitum
2985 2652 3100 2713 sibi

1021 2752 1322 2831 religionis
1350 2765 1677 2815 assumunt.

698 2850 897 2928 Capm.
928 2848 1026 2911 vii.
1070 2851 1195 2910 Hic
1242 2850 1506 2929 loquitur
1554 2852 1805 2930 qualiter
1848 2848 2154 2930 paciencia
2189 2868 2308 2911 vna
2349 2868 2490 2911 cum
2537 2848 2752 2911 ceteris
2785 2846 3100 2909 virtutibus

1017 2966 1056 3008 a
1098 2945 1459 3026 quibusdam
1506 2949 1794 3023 claustris,
1837 2948 2004 3009 viciis
2059 2946 2632 3025 supervenientibuS‚
2674 2964 2742 3009 se
2795 2946 3104 3007 transtule-

1016 3055 1174 3105 runt.

698 3141 897 3219 Capm.
929 3142 1047 3203 viii.
1094 3142 1219 3202 Hic
1248 3142 1510 3221 loquitur
1538 3144 1707 3222 quod
1745 3144 1900 3205 sicut
1927 3142 2208 3204 monachi
2249 3142 2332 3203 ita
2368 3152 2428 3203 et
2463 3151 2725 3203 errantes
2765 3140 3040 3205 canonici
3064 3160 3104 3201 a

1020 3239 1145 3299 suis
1174 3250 1313 3299 sunt
1340 3240 1681 3301 excessibus
1708 3239 2008 3318 culpandi.

697 3336 896 3414 Capm.
927 3335 1003 3397 ix.
1050 3338 1175 3397 Hic
1222 3337 1483 3415 loquitur
1526 3340 1776 3418 qualiter
1821 3336 2078 3417 religiosi
2119 3338 2274 3398 male
2316 3336 2586 3399 viuentes
2634 3335 2918 3401 omnibus
2970 3335 3105 3395 aliis

1021 3434 1409 3495 infelicissimi
1438 3436 1717 3497 existunt.

700 3530 897 3608 Capm.
930 3550 981 3591 x.
1029 3532 1155 3591 Hic
1195 3532 1460 3611 loquitur
1500 3534 1754 3611 qualiter
1792 3532 2201 3610 vnusquisque
2241 3531 2345 3609 qui
2392 3530 2692 3608 religionis
2734 3530 2966 3609 ingredi
3006 3548 3106 3590 vo-

1022 3628 1194 3689 luerit
1235 3628 1685 3708 professionem,
1725 3640 1942 3690 cuncta
1985 3629 2196 3689 mundi
2237 3629 2390 3689 vicia
2429 3628 2667 3706 penitus
2707 3627 3004 3705 abnegare
3043 3637 3134 3687 et⁴

1022 3726 1225 3786 anime
1249 3728 1496 3787 virtutes
1524 3727 1840 3806 adquirere
1867 3737 1928 3789 et
1955 3726 2274 3788 obseruare
2299 3736 2553 3787 tenetur.

698 3822 898 3899 Capm.
926 3822 1002 3882 xi.
1049 3823 1174 3882 Hic
1202 3823 1466 3900 loquitur
1492 3825 1745 3902 qualiter
1771 3823 2028 3902 religiosi
2062 3824 2375 3885 consorcia
2414 3824 2728 3883 mulierum
2771 3822 3106 3900 specialiter

1022 3921 1245 3981 euitare
1272 3921 1514 3983 debent.

700 4016 899 4095 Capm.
930 4017 1027 4077 xii.
1075 4018 1199 4077 Hic
1228 4029 1437 4079 tractat
1465 4020 1635 4097 quasi
1666 4020 1782 4081 sub
1807 4020 2174 4097 compendio
2209 4038 2389 4096 super
2415 4019 2530 4079 hiis
2558 4037 2678 4097 que
2706 4018 2766 4077 in
2804 4016 3108 4097 religionis

1023 4115 1391 4191 professione
1419 4118 1754 4179 secundum
1777 4117 2161 4181 fundatorum
2180 4118 2531 4179 sancciones
2553 4115 2886 4181 disti-iccius
2907 4115 3108 4177 obser·

1024 4213 1223 4273 uanda
1250 4213 1505 4275 finaliter
1529 4216 1806 4277 existunt.

699 4308 898 4388 Capm.
928 4309 1044 4369 xiii.
1094 4309 1217 4369 Hic
1270 4309 1534 4387 loquitur
1588 4312 1829 4379 vlterius
1883 4312 1962 4374 de
2016 4311 2364 4373 mulieribus
2413 4312 2543 4387 illis,
2602 4330 2722 4392 que
2777 4310 2840 4372 in
2895 4309 3110 4372 habitu

1428 4466 1497 4520 iii.
1530 4482 1555 4520 1
1588 4468 1806 4533 qualiter
1829 4468 2036 4537 modus]
2058 4470 2124 4521 de
2149 4470 2300 4521 modo
2324 4470 2372 4520 D
