3434 5142
1148 471 1319 536 EST
1373 472 1648 576 AMQR
1711 493 1853 538 tre.
2482 491 2605 557 359

562 633 787 691 Areum
828 627 1137 709 preuideat
1177 632 1336 691 vnde
1377 629 1588 707 sagitta
1628 632 1804 691 volat.

564 730 782 788 Nullus
821 727 901 787 ab
941 726 1149 787 innato
1188 729 1346 788 valet
1385 729 1504 788 hoc
1545 729 1803 788 euadere
1845 727 2072 802 morbo,

563 823 653 886 Sit
691 823 806 885 nisi
847 825 1014 903 quod
1054 826 1184 884 sola
1221 822 1418 902 gracia
1458 835 1625 885 curet
1665 843 1823 884 eum.

987 1045 1108 1104 The
1151 1045 1281 1104 MS.
1326 1044 1436 1103 has
1476 1044 1608 1104 bere
1647 1045 1762 1103 lost
1798 1063 1837 1102 a
1878 1042 2012 1120 leafi

473 1333 742 1390 Carmen
804 1335 968 1403 qnod
1026 1333 1352 1392 Iohanne·
1422 1335 1651 1392 Gower
1724 1349 1914 1406 super
1977 1337 2217 1392 amoris
2280 1330 2607 1408 multiplici

401 1423 725 1480 varIetate
761 1424 878 1478 sub
913 1423 1280 1494 compendio
1315 1423 1576 1481 metrice
1611 1424 1981 1494 composuit.

741 1559 812 1604 ετ
851 1561 1020 1604 amor
1059 1540 1122 1604 in
1163 1547 1330 1622 glosa
1368 1563 1486 1622 pax
1526 1542 1757 1617 bellica,
1800 1543 1873 1604 lis
1916 1541 2163 1622 pietosa,

779 1640 969 1702 Accio
1009 1643 1253 1716 famosa,
1298 1660 1447 1720 vaga
1487 1661 1630 1715 sorS,
1674 1639 1763 1702 vis
1805 1640 2139 1719 imperiosa,

565 1740 774 1817 Pugna
814 1738 1100 1817 quietosa,
1143 1739 1390 1800 victoria
1428 1737 1777 1818 perniciosa,

566 1829 798 1914 Regula
838 1835 1084 1911 viscosa,
1129 1839 1292 1897 scola
1331 1835 1526 1911 deuia,
1570 1839 1668 1898 lex
1704 1834 1987 1914 capitem,

565 1934 726 1995 Cura
765 1936 1102 2008 molestosa,
1145 1935 1339 2013 grauis
1379 1954 1491 2009 ατε,
1534 1932 1718 1994 virtus
1757 1932 1995 2007 viciosa‚

567 2030 772 2092 Gloria
811 2033 1161 2118 dampnosa,
1206 2033 1356 2092 flens
1396 2031 1546 2092 risus
1588 2042 1649 2092 et
1688 2028 1775 2091 ira
1815 2029 2033 2104 iocosa,

568 2129 750 2188 Musa
790 2130 1082 2202 dolorosa,
1128 2149 1287 2189 mors
1328 2131 1462 2204 leta,
1506 2128 1686 2189 febris
1724 2127 2007 2207 preciosa,

567 2227 724 2288 Esca
762 2245 1080 2300 venenosa,
1124 2228 1200 2287 fel
1243 2228 1437 2301 dulce,
1480 2228 1668 2288 fames
1708 2224 1997 2300 animosa,

567 2323 722 2384 Vitis
761 2334 1018 2397 acetosa,
1063 2322 1188 2384 sitis
1227 2323 1409 2398 ebria,
1455 2343 1626 2385 mens
1668 2322 1903 2396 furiosa,

566 2423 838 2480 Flamma
877 2420 1174 2498 pruinosa,
1218 2441 1338 2481 nox
1369 2424 1550 2499 clara,
1596 2419 1727 2482 dies
1768 2419 2101 2494 tenebrosa,
2548 2441 2612 2478 ιο

568 2520 692 2579 Res
734 2517 1080 2596 dedign0sa‚
1125 2517 1357 2579 socialis
1398 2529 1461 2579 et
1499 2518 1843 2592 ambiciosa,

564 2617 831 2689 Gan-ula,
875 2615 1141 2690 verbosa,
1187 2627 1428 2690 secreta,
1471 2617 1669 2690 silenS,
1712 2615 1997 2690 studiosa,

568 2715 795 2774 Fabula
833 2714 1110 2789 formosa,
1153 2713 1454 2792 sapiencia
1491 2713 1854 2793 prestigiosa,

565 2811 766 2874 Causa
805 2811 1060 2887 ruinosa,
1103 2823 1234 2873 rota
1273 2831 1456 2886 versa,
1499 2809 1670 2890 quies
1711 2831 1979 2890 operosa,

565 2907 831 2968 Vrticata
869 2929 1018 2982 rosa,
1063 2926 1198 2988 spes
1240 2911 1418 2970 stulta
1459 2911 1730 2988 fidesque
1769 2909 1996 2971 dolosa.

649 3007 908 3083 Magnus
949 3005 1012 3065 in
1054 3005 1277 3084 exiguis
1317 3005 1572 3066 variatus
1613 3018 1677 3067 vt
1715 3017 1809 3066 est
1848 3005 1959 3065 tibi
1998 3007 2237 3078 clamor,

569 3102 746 3162 Fixus
787 3101 850 3161 in
890 3101 1194 3180 ambiguis,
1225 3102 1490 3164 motibus
1531 3113 1683 3163 errat
1722 3123 1908 3162 amor.

569 3202 832 3260 Instruat
869 3198 1073 3260 audita
1113 3198 1224 3259 tibi
1263 3199 1453 3260 leccio
1493 3199 1580 3260 sic
1618 3199 1907 3278 repetita3

569 3299 754 3372 MorS,
798 3317 967 3357 amor
1007 3307 1068 3358 et
1106 3295 1228 3358 vita
1267 3296 1690 3377 participantur
1730 3297 1827 3358 ita.

651 3473 776 3533 Lex
817 3473 997 3533 docet
1036 3482 1346 3532 auctorum
1391 3472 1558 3548 quod
1598 3469 1710 3532 iter
1750 3473 1984 3531 carnale
2026 3470 2325 3531 bonorum

569 3569 796 3630 Tucius
837 3580 944 3642 est,
990 3589 1246 3646 quorum
1289 3579 1429 3629 sunt
1469 3569 1671 3629 federa
1711 3566 2162 3645 coniugiorum:

569 3665 810 3742 Fragrat
847 3674 910 3724 vt
950 3674 1216 3724 ortorum
1257 3682 1390 3724 rosa
1429 3664 1562 3742 plus
1605 3681 1788 3741 quam
1827 3682 2073 3741 germen
2110 3681 2400 3740 agrorum,

570 3762 738 3822 Ordo
780 3760 1124 3822 maritorum
1167 3771 1346 3838 caput
1388 3771 1478 3821 est
1517 3771 1577 3821 et
1619 3759 1755 3820 finis
1793 3779 2083 3821 amorum.

571 3862 711 3919 Hec
752 3869 843 3920 est
883 3869 1206 3937 nuptorum
1249 3857 1442 3918 camis
1482 3858 1654 3936 quasi
1693 3859 1897 3936 regula
1937 3877 2188 3931 morum,
2574 3879 2603 3930 5

569 3959 709 4033 Que
750 3957 1171 4019 saluandorum
1213 3966 1474 4016 sacratur
1512 3955 1575 4016 in
1617 3956 1762 4017 orbe
1802 3954 2078 4018 virorum.

572 4053 739 4116 Hinc
779 4065 948 4114 vetus
987 4073 1284 4115 annorum
1326 4055 1540 4114 Gower
1579 4054 1693 4114 sub
1734 4073 1841 4132 spe
1882 4053 2227 4115 meritorum
2421 4098 2443 4133 χ

572 4151 802 4214 Ordine
843 4169 1199 4229 sponsorum
1227 4161 1391 4211 tutus
1430 4149 1658 4212 adhibo
1698 4152 1957 4212 thorum.
2416 4164 2447 4235 'l

548 4289 668 4340 Text
681 4290 746 4352 os
753 4289 812 4348 S,
835 4287 1040 4339 collated
1056 4289 1168 4338 with
1196 4288 1237 4337 F
1301 4289 1394 4340 See
1413 4289 1522 4339 also
1537 4289 1638 4340 vol.
1662 4290 1697 4341 i.
1724 4305 1775 4352 p.
1800 4304 1899 4353 392

549 4368 668 4418 Title
698 4367 920 4416 Carmen
946 4367 1012 4416 de
1033 4367 1186 4418 variis
1207 4367 1261 4417 in
1284 4382 1464 4419 amore
1483 4367 1813 4432 passionibus
1832 4369 2063 4420 breuiter
2084 4369 2412 4433 compilatum
2439 4369 2479 4418 F

541 4461 603 4498 ιο
632 4446 909 4497 tenebrosa
930 4445 969 4497 S
