<?xml version="1.0" encoding="UTF-8"?>
<!DOCTYPE html PUBLIC "-//W3C//DTD XHTML 1.0 Transitional//EN"
    "http://www.w3.org/TR/xhtml1/DTD/xhtml1-transitional.dtd">
<html xmlns="http://www.w3.org/1999/xhtml" xml:lang="en" lang="en">
 <head>
  <title>
</title>
<meta http-equiv="Content-Type" content="text/html;charset=utf-8" />
  <meta name='ocr-system' content='tesseract 3.04.00' />
  <meta name='ocr-capabilities' content='ocr_page ocr_carea ocr_par ocr_line ocrx_word'/>
</head>
<body>
  <div class='ocr_page' id='page_1' title='image "./completeworksjo01macagoog_0229.png"; bbox 0 0 3434 5142; ppageno 0'>
   <div class='ocr_carea' id='block_1_1' title="bbox 1163 492 2639 579">
    <p class='ocr_par' dir='ltr' id='par_1_1' title="bbox 1163 492 2639 579">
     <span class='ocr_line' id='line_1_1' title="bbox 1163 492 2639 579; baseline 0.001 -22"><span class='ocrx_word' id='word_1_1' title='bbox 1163 492 1446 559; x_wconf 83' lang='lat' dir='ltr'>LIBER</span> <span class='ocrx_word' id='word_1_2' title='bbox 1500 492 1916 560; x_wconf 79' lang='lat' dir='ltr'>TERCIUS</span> <span class='ocrx_word' id='word_1_3' title='bbox 2518 518 2639 579; x_wconf 72' lang='lat'>139</span> 
     </span>
    </p>
   </div>
   <div class='ocr_carea' id='block_1_2' title="bbox 595 651 2107 830">
    <p class='ocr_par' dir='ltr' id='par_1_2' title="bbox 595 651 2107 830">
     <span class='ocr_line' id='line_1_2' title="bbox 595 651 2107 731; baseline 0.001 -17"><span class='ocrx_word' id='word_1_4' title='bbox 595 654 812 714; x_wconf 83' lang='lat' dir='ltr'><strong>Exulat</strong></span> <span class='ocrx_word' id='word_1_5' title='bbox 853 651 952 713; x_wconf 86' lang='lat' dir='ltr'>hic</span> <span class='ocrx_word' id='word_1_6' title='bbox 993 654 1072 713; x_wconf 89' lang='lat' dir='ltr'>de</span> <span class='ocrx_word' id='word_1_7' title='bbox 1112 651 1290 730; x_wconf 82' lang='lat' dir='ltr'><strong>plebe</strong></span> <span class='ocrx_word' id='word_1_8' title='bbox 1329 652 1431 714; x_wconf 89' lang='lat' dir='ltr'>dei</span> <span class='ocrx_word' id='word_1_9' title='bbox 1471 652 1575 731; x_wconf 90' lang='lat' dir='ltr'>qui</span> <span class='ocrx_word' id='word_1_10' title='bbox 1609 664 1821 731; x_wconf 75' lang='lat' dir='ltr'>peeoet</span> <span class='ocrx_word' id='word_1_11' title='bbox 1858 652 1923 713; x_wconf 91' lang='lat' dir='ltr'>in</span> <span class='ocrx_word' id='word_1_12' title='bbox 1963 652 2107 727; x_wconf 84' lang='lat' dir='ltr'>istis,</span> 
     </span>
     <span class='ocr_line' id='line_1_3' title="bbox 595 748 1877 830; baseline 0 -19"><span class='ocrx_word' id='word_1_13' title='bbox 595 752 775 812; x_wconf 85' lang='lat' dir='ltr'>Tales</span> <span class='ocrx_word' id='word_1_14' title='bbox 815 769 958 811; x_wconf 86' lang='lat' dir='ltr'>nam</span> <span class='ocrx_word' id='word_1_15' title='bbox 997 749 1166 830; x_wconf 89' lang='lat' dir='ltr'>pellit</span> <span class='ocrx_word' id='word_1_16' title='bbox 1206 748 1436 813; x_wconf 86' lang='lat' dir='ltr'>Cristus</span> <span class='ocrx_word' id='word_1_17' title='bbox 1475 750 1556 811; x_wconf 87' lang='lat' dir='ltr'>ab</span> <span class='ocrx_word' id='word_1_18' title='bbox 1597 752 1711 813; x_wconf 86' lang='lat' dir='ltr'>ede</span> <span class='ocrx_word' id='word_1_19' title='bbox 1753 770 1877 811; x_wconf 87' lang='lat' dir='ltr'>sua.</span> 
     </span>
    </p>
   </div>
   <div class='ocr_carea' id='block_1_3' title="bbox 441 987 2638 1148">
    <p class='ocr_par' dir='ltr' id='par_1_3' title="bbox 441 987 2638 1148">
     <span class='ocr_line' id='line_1_4' title="bbox 505 987 2638 1057; baseline 0.001 -15"><span class='ocrx_word' id='word_1_20' title='bbox 505 987 626 1043; x_wconf 81' lang='lat' dir='ltr'>Hic</span> <span class='ocrx_word' id='word_1_21' title='bbox 685 988 961 1057; x_wconf 79' lang='lat' dir='ltr'>loquitur</span> <span class='ocrx_word' id='word_1_22' title='bbox 1019 987 1294 1057; x_wconf 74' lang='lat' dir='ltr'>quanter</span> <span class='ocrx_word' id='word_1_23' title='bbox 1353 989 1542 1057; x_wconf 70' lang='lat' dir='ltr'>signa</span> <span class='ocrx_word' id='word_1_24' title='bbox 1591 988 1931 1045; x_wconf 64' lang='lat' dir='ltr'>Annei-isti</span> <span class='ocrx_word' id='word_1_25' title='bbox 1983 989 2050 1043; x_wconf 82' lang='lat' dir='ltr'>in</span> <span class='ocrx_word' id='word_1_26' title='bbox 2100 988 2291 1045; x_wconf 77' lang='lat' dir='ltr'>Curia</span> <span class='ocrx_word' id='word_1_27' title='bbox 2344 990 2638 1045; x_wconf 78' lang='lat' dir='ltr'>Romana</span> 
     </span>
     <span class='ocr_line' id='line_1_5' title="bbox 441 1076 2367 1148; baseline 0.002 -18"><span class='ocrx_word' id='word_1_28' title='bbox 441 1077 736 1147; x_wconf 74' lang='lat' dir='ltr'>precipue</span> <span class='ocrx_word' id='word_1_29' title='bbox 772 1090 854 1131; x_wconf 84' lang='lat' dir='ltr'>cx</span> <span class='ocrx_word' id='word_1_30' title='bbox 889 1076 1176 1132; x_wconf 75' lang='lat' dir='ltr'>anaticia</span> <span class='ocrx_word' id='word_1_31' title='bbox 1210 1076 1550 1132; x_wconf 72' lang='lat' dir='ltr'>secundum</span> <span class='ocrx_word' id='word_1_32' title='bbox 1586 1077 1893 1145; x_wconf 71' lang='lat' dir='ltr'>quosdam</span> <span class='ocrx_word' id='word_1_33' title='bbox 1926 1080 2367 1148; x_wconf 72' lang='lat' dir='ltr'>apparuerunt.</span> 
     </span>
    </p>
   </div>
   <div class='ocr_carea' id='block_1_4' title="bbox 217 1196 588 1277">
    <p class='ocr_par' dir='ltr' id='par_1_4' title="bbox 217 1196 588 1277">
     <span class='ocr_line' id='line_1_6' title="bbox 217 1196 588 1277; baseline -0.003 -18"><span class='ocrx_word' id='word_1_34' title='bbox 217 1198 418 1277; x_wconf 77' lang='lat' dir='ltr'>Capm.</span> <span class='ocrx_word' id='word_1_35' title='bbox 449 1196 588 1259; x_wconf 84' lang='lat' dir='ltr'>xiiii.</span> 
     </span>
    </p>
   </div>
   <div class='ocr_carea' id='block_1_5' title="bbox 601 1196 2655 4392">
    <p class='ocr_par' dir='ltr' id='par_1_5' title="bbox 601 1196 2649 3135">
     <span class='ocr_line' id='line_1_7' title="bbox 715 1196 2094 1277; baseline 0 -19"><span class='ocrx_word' id='word_1_36' title='bbox 715 1199 894 1258; x_wconf 87' lang='lat' dir='ltr'>Plura</span> <span class='ocrx_word' id='word_1_37' title='bbox 933 1200 1203 1259; x_wconf 86' lang='lat' dir='ltr'>locutura</span> <span class='ocrx_word' id='word_1_38' title='bbox 1241 1217 1413 1259; x_wconf 88' lang='lat' dir='ltr'>mens</span> <span class='ocrx_word' id='word_1_39' title='bbox 1453 1197 1656 1259; x_wconf 84' lang='lat' dir='ltr'>deficit</span> <span class='ocrx_word' id='word_1_40' title='bbox 1695 1196 1825 1277; x_wconf 89' lang='lat' dir='ltr'>ipsa</span> <span class='ocrx_word' id='word_1_41' title='bbox 1866 1197 2094 1272; x_wconf 87' lang='lat' dir='ltr'>timore,</span> 
     </span>
     <span class='ocr_line' id='line_1_8' title="bbox 603 1294 1872 1374; baseline 0 -18"><span class='ocrx_word' id='word_1_42' title='bbox 603 1296 852 1356; x_wconf 81' lang='lat' dir='ltr'>Labitur</span> <span class='ocrx_word' id='word_1_43' title='bbox 891 1294 1174 1374; x_wconf 84' lang='lat' dir='ltr'>exanguis</span> <span class='ocrx_word' id='word_1_44' title='bbox 1214 1306 1275 1357; x_wconf 91' lang='lat' dir='ltr'>et</span> <span class='ocrx_word' id='word_1_45' title='bbox 1315 1297 1662 1357; x_wconf 85' lang='lat' dir='ltr'>tremefacta</span> <span class='ocrx_word' id='word_1_46' title='bbox 1699 1294 1872 1371; x_wconf 82' lang='lat' dir='ltr'>silet3</span> 
     </span>
     <span class='ocr_line' id='line_1_9' title="bbox 604 1392 2139 1472; baseline 0 -17"><span class='ocrx_word' id='word_1_47' title='bbox 604 1393 808 1455; x_wconf 88' lang='lat' dir='ltr'>Huius</span> <span class='ocrx_word' id='word_1_48' title='bbox 849 1393 1011 1455; x_wconf 90' lang='lat' dir='ltr'>enim</span> <span class='ocrx_word' id='word_1_49' title='bbox 1052 1392 1189 1454; x_wconf 86' lang='lat' dir='ltr'>vicii</span> <span class='ocrx_word' id='word_1_50' title='bbox 1230 1392 1414 1455; x_wconf 87' lang='lat' dir='ltr'>michi</span> <span class='ocrx_word' id='word_1_51' title='bbox 1455 1404 1695 1472; x_wconf 88' lang='lat' dir='ltr'>tangere</span> <span class='ocrx_word' id='word_1_52' title='bbox 1738 1394 1789 1454; x_wconf 88' lang='lat' dir='ltr'>si</span> <span class='ocrx_word' id='word_1_53' title='bbox 1828 1392 1968 1455; x_wconf 90' lang='lat' dir='ltr'>licet</span> <span class='ocrx_word' id='word_1_54' title='bbox 2006 1396 2139 1469; x_wconf 83' lang='lat' dir='ltr'>vlla,</span> 
     </span>
     <span class='ocr_line' id='line_1_10' title="bbox 601 1490 1979 1569; baseline 0.001 -18"><span class='ocrx_word' id='word_1_55' title='bbox 601 1491 798 1553; x_wconf 87' lang='lat' dir='ltr'>Testis</span> <span class='ocrx_word' id='word_1_56' title='bbox 840 1490 949 1553; x_wconf 86' lang='lat' dir='ltr'>erit</span> <span class='ocrx_word' id='word_1_57' title='bbox 990 1490 1219 1553; x_wconf 87' lang='lat' dir='ltr'>Cristus</span> <span class='ocrx_word' id='word_1_58' title='bbox 1263 1492 1580 1569; x_wconf 80' lang='lat' dir='ltr'><strong>Romaque</strong></span> <span class='ocrx_word' id='word_1_59' title='bbox 1621 1502 1749 1552; x_wconf 85' lang='lat' dir='ltr'>tota</span> <span class='ocrx_word' id='word_1_60' title='bbox 1786 1490 1979 1552; x_wconf 86' lang='lat' dir='ltr'>simul.</span> 
     </span>
     <span class='ocr_line' id='line_1_11' title="bbox 605 1588 2248 1668; baseline 0 -17"><span class='ocrx_word' id='word_1_61' title='bbox 605 1592 806 1651; x_wconf 85' lang='lat' dir='ltr'>Roma</span> <span class='ocrx_word' id='word_1_62' title='bbox 846 1609 1059 1649; x_wconf 87' lang='lat' dir='ltr'>manus</span> <span class='ocrx_word' id='word_1_63' title='bbox 1100 1588 1258 1650; x_wconf 90' lang='lat' dir='ltr'>rodit</span> <span class='ocrx_word' id='word_1_64' title='bbox 1297 1608 1424 1649; x_wconf 91' lang='lat' dir='ltr'>non</span> <span class='ocrx_word' id='word_1_65' title='bbox 1461 1590 1692 1664; x_wconf 85' lang='lat' dir='ltr'>dantes,</span> <span class='ocrx_word' id='word_1_66' title='bbox 1738 1588 1963 1668; x_wconf 88' lang='lat' dir='ltr'>spernit</span> <span class='ocrx_word' id='word_1_67' title='bbox 2002 1600 2064 1651; x_wconf 89' lang='lat' dir='ltr'>et</span> <span class='ocrx_word' id='word_1_68' title='bbox 2102 1589 2248 1665; x_wconf 87' lang='lat' dir='ltr'>odit,</span> 
     </span>
     <span class='ocr_line' id='line_1_12' title="bbox 604 1685 2017 1766; baseline 0.001 -19"><span class='ocrx_word' id='word_1_69' title='bbox 604 1689 854 1748; x_wconf 89' lang='lat' dir='ltr'>Donum</span> <span class='ocrx_word' id='word_1_70' title='bbox 894 1706 1004 1766; x_wconf 93' lang='lat' dir='ltr'>pro</span> <span class='ocrx_word' id='word_1_71' title='bbox 1044 1688 1210 1748; x_wconf 91' lang='lat' dir='ltr'>dono</span> <span class='ocrx_word' id='word_1_72' title='bbox 1251 1686 1336 1748; x_wconf 85' lang='lat' dir='ltr'>sic</span> <span class='ocrx_word' id='word_1_73' title='bbox 1376 1685 1537 1765; x_wconf 86' lang='lat' dir='ltr'><strong>capit</strong></span> <span class='ocrx_word' id='word_1_74' title='bbox 1576 1686 1774 1747; x_wconf 86' lang='lat' dir='ltr'>omnis</span> <span class='ocrx_word' id='word_1_75' title='bbox 1814 1689 2017 1748; x_wconf 84' lang='lat' dir='ltr'>homo.</span> 
     </span>
     <span class='ocr_line' id='line_1_13' title="bbox 601 1785 2061 1865; baseline -0.001 -19"><span class='ocrx_word' id='word_1_76' title='bbox 601 1786 662 1846; x_wconf 87' lang='grc' dir='ltr'>Ν</span> <span class='ocrx_word' id='word_1_77' title='bbox 664 1805 746 1846; x_wconf 91' lang='lat' dir='ltr'>on</span> <span class='ocrx_word' id='word_1_78' title='bbox 787 1797 878 1848; x_wconf 92' lang='lat' dir='ltr'>est</span> <span class='ocrx_word' id='word_1_79' title='bbox 915 1795 1194 1864; x_wconf 88' lang='lat' dir='ltr'>acceptor</span> <span class='ocrx_word' id='word_1_80' title='bbox 1234 1804 1620 1865; x_wconf 83' lang='lat' dir='ltr'>personarum</span> <span class='ocrx_word' id='word_1_81' title='bbox 1661 1786 1829 1859; x_wconf 80' lang='lat' dir='ltr'>deus,</span> <span class='ocrx_word' id='word_1_82' title='bbox 1872 1785 2061 1846; x_wconf 89' lang='lat' dir='ltr'>immo</span> 
     </span>
     <span class='ocr_line' id='line_1_14' title="bbox 602 1881 2643 1961; baseline -0 -17"><span class='ocrx_word' id='word_1_83' title='bbox 602 1883 850 1944; x_wconf 89' lang='lat' dir='ltr'>Gracior</span> <span class='ocrx_word' id='word_1_84' title='bbox 887 1882 1146 1944; x_wconf 85' lang='lat' dir='ltr'>intendit</span> <span class='ocrx_word' id='word_1_85' title='bbox 1183 1882 1416 1943; x_wconf 87' lang='lat' dir='ltr'>actibus</span> <span class='ocrx_word' id='word_1_86' title='bbox 1457 1881 1586 1961; x_wconf 87' lang='lat' dir='ltr'>ipse</span> <span class='ocrx_word' id='word_1_87' title='bbox 1625 1881 1773 1958; x_wconf 79' lang='lat' dir='ltr'>viri3</span> <span class='ocrx_word' id='word_1_88' title='bbox 2516 1907 2535 1942; x_wconf 82' lang='lat'>1</span> <span class='ocrx_word' id='word_1_89' title='bbox 2548 1907 2643 1943; x_wconf 81' lang='lat'>200</span> 
     </span>
     <span class='ocr_line' id='line_1_15' title="bbox 610 1978 2261 2057; baseline -0.001 -16"><span class='ocrx_word' id='word_1_90' title='bbox 610 1980 826 2041; x_wconf 82' lang='lat' dir='ltr'>Gracia</span> <span class='ocrx_word' id='word_1_91' title='bbox 866 1990 956 2041; x_wconf 84' lang='lat' dir='ltr'>set</span> <span class='ocrx_word' id='word_1_92' title='bbox 997 1990 1200 2041; x_wconf 83' lang='lat' dir='ltr'>nostra</span> <span class='ocrx_word' id='word_1_93' title='bbox 1238 1990 1471 2041; x_wconf 83' lang='lat' dir='ltr'>tantum</span> <span class='ocrx_word' id='word_1_94' title='bbox 1513 1998 1667 2057; x_wconf 83' lang='lat' dir='ltr'>quos</span> <span class='ocrx_word' id='word_1_95' title='bbox 1709 1981 1971 2041; x_wconf 87' lang='lat' dir='ltr'>mundus</span> <span class='ocrx_word' id='word_1_96' title='bbox 2013 1978 2075 2039; x_wconf 91' lang='lat' dir='ltr'>in</span> <span class='ocrx_word' id='word_1_97' title='bbox 2115 1999 2261 2040; x_wconf 89' lang='lat' dir='ltr'>auro</span> 
     </span>
     <span class='ocr_line' id='line_1_16' title="bbox 613 2075 1766 2155; baseline 0 -18"><span class='ocrx_word' id='word_1_98' title='bbox 613 2077 798 2151; x_wconf 90' lang='lat' dir='ltr'>Ditat,</span> <span class='ocrx_word' id='word_1_99' title='bbox 841 2095 966 2136; x_wconf 90' lang='lat' dir='ltr'>non</span> <span class='ocrx_word' id='word_1_100' title='bbox 1007 2075 1156 2136; x_wconf 89' lang='lat' dir='ltr'>alios</span> <span class='ocrx_word' id='word_1_101' title='bbox 1195 2075 1414 2155; x_wconf 83' lang='lat' dir='ltr'>accipit</span> <span class='ocrx_word' id='word_1_102' title='bbox 1452 2076 1554 2136; x_wconf 81' lang='lat' dir='ltr'>illa</span> <span class='ocrx_word' id='word_1_103' title='bbox 1593 2075 1766 2137; x_wconf 79' lang='lat' dir='ltr'>viros·</span> 
     </span>
     <span class='ocr_line' id='line_1_17' title="bbox 607 2173 2063 2253; baseline 0 -18"><span class='ocrx_word' id='word_1_104' title='bbox 607 2174 732 2253; x_wconf 89' lang='lat' dir='ltr'>Qui</span> <span class='ocrx_word' id='word_1_105' title='bbox 772 2173 1039 2253; x_wconf 90' lang='lat' dir='ltr'>precium</span> <span class='ocrx_word' id='word_1_106' title='bbox 1078 2174 1250 2253; x_wconf 93' lang='lat' dir='ltr'>ponit</span> <span class='ocrx_word' id='word_1_107' title='bbox 1288 2173 1462 2235; x_wconf 90' lang='lat' dir='ltr'>diues</span> <span class='ocrx_word' id='word_1_108' title='bbox 1501 2174 1765 2252; x_wconf 86' lang='lat' dir='ltr'>preciata</span> <span class='ocrx_word' id='word_1_109' title='bbox 1801 2184 2063 2253; x_wconf 72' lang='lat' dir='ltr'>reportat</span> 
     </span>
     <span class='ocr_line' id='line_1_18' title="bbox 606 2271 1817 2347; baseline 0.002 -15"><span class='ocrx_word' id='word_1_110' title='bbox 606 2274 880 2347; x_wconf 82' lang='lat' dir='ltr'>Munera,</span> <span class='ocrx_word' id='word_1_111' title='bbox 924 2291 1067 2333; x_wconf 84' lang='lat' dir='ltr'>nam</span> <span class='ocrx_word' id='word_1_112' title='bbox 1109 2272 1212 2333; x_wconf 77' lang='lat' dir='ltr'>tali</span> <span class='ocrx_word' id='word_1_113' title='bbox 1251 2271 1414 2333; x_wconf 88' lang='lat' dir='ltr'>curia</span> <span class='ocrx_word' id='word_1_114' title='bbox 1454 2282 1580 2333; x_wconf 85' lang='lat' dir='ltr'>tota</span> <span class='ocrx_word' id='word_1_115' title='bbox 1619 2273 1817 2334; x_wconf 87' lang='lat' dir='ltr'>fauet:</span> 
     </span>
     <span class='ocr_line' id='line_1_19' title="bbox 609 2368 2102 2443; baseline -0.001 -13"><span class='ocrx_word' id='word_1_116' title='bbox 609 2372 941 2431; x_wconf 85' lang='lat' dir='ltr'>Assumens</span> <span class='ocrx_word' id='word_1_117' title='bbox 983 2372 1184 2430; x_wconf 89' lang='lat' dir='ltr'>oleum</span> <span class='ocrx_word' id='word_1_118' title='bbox 1225 2389 1432 2431; x_wconf 90' lang='lat' dir='ltr'>secum</span> <span class='ocrx_word' id='word_1_119' title='bbox 1473 2390 1598 2430; x_wconf 91' lang='lat' dir='ltr'>non</span> <span class='ocrx_word' id='word_1_120' title='bbox 1638 2370 1818 2430; x_wconf 87' lang='lat' dir='ltr'>intrat</span> <span class='ocrx_word' id='word_1_121' title='bbox 1858 2368 2102 2443; x_wconf 88' lang='lat' dir='ltr'>ibidem,</span> 
     </span>
     <span class='ocr_line' id='line_1_20' title="bbox 605 2466 1931 2547; baseline 0.001 -20"><span class='ocrx_word' id='word_1_122' title='bbox 605 2469 808 2528; x_wconf 86' lang='lat' dir='ltr'>Aurea</span> <span class='ocrx_word' id='word_1_123' title='bbox 847 2466 912 2527; x_wconf 91' lang='lat' dir='ltr'>ni</span> <span class='ocrx_word' id='word_1_124' title='bbox 952 2471 1144 2529; x_wconf 88' lang='lat' dir='ltr'>valeat</span> <span class='ocrx_word' id='word_1_125' title='bbox 1183 2488 1402 2546; x_wconf 84' lang='lat' dir='ltr'>vngere</span> <span class='ocrx_word' id='word_1_126' title='bbox 1441 2479 1608 2547; x_wconf 82' lang='lat' dir='ltr'>gutta</span> <span class='ocrx_word' id='word_1_127' title='bbox 1647 2488 1931 2528; x_wconf 87' lang='lat' dir='ltr'>manum:</span> 
     </span>
     <span class='ocr_line' id='line_1_21' title="bbox 607 2564 2123 2644; baseline -0.001 -16"><span class='ocrx_word' id='word_1_128' title='bbox 607 2564 800 2644; x_wconf 85' lang='lat' dir='ltr'>Copia</span> <span class='ocrx_word' id='word_1_129' title='bbox 840 2565 924 2625; x_wconf 90' lang='lat' dir='ltr'>nil</span> <span class='ocrx_word' id='word_1_130' title='bbox 966 2585 1200 2626; x_wconf 89' lang='lat' dir='ltr'>morum</span> <span class='ocrx_word' id='word_1_131' title='bbox 1240 2566 1470 2627; x_wconf 86' lang='lat' dir='ltr'>confert</span> <span class='ocrx_word' id='word_1_132' title='bbox 1509 2564 1610 2628; x_wconf 89' lang='lat' dir='ltr'>vbi</span> <span class='ocrx_word' id='word_1_133' title='bbox 1651 2565 1856 2627; x_wconf 89' lang='lat' dir='ltr'>deficit</span> <span class='ocrx_word' id='word_1_134' title='bbox 1891 2586 2123 2640; x_wconf 86' lang='lat' dir='ltr'>aurum,</span> 
     </span>
     <span class='ocr_line' id='line_1_22' title="bbox 611 2662 2029 2743; baseline 0.001 -21"><span class='ocrx_word' id='word_1_135' title='bbox 611 2664 772 2722; x_wconf 87' lang='lat' dir='ltr'>Nam</span> <span class='ocrx_word' id='word_1_136' title='bbox 813 2662 997 2724; x_wconf 87' lang='lat' dir='ltr'>virtus</span> <span class='ocrx_word' id='word_1_137' title='bbox 1038 2662 1288 2742; x_wconf 88' lang='lat' dir='ltr'>inopum</span> <span class='ocrx_word' id='word_1_138' title='bbox 1329 2664 1494 2724; x_wconf 84' lang='lat' dir='ltr'>nulla</span> <span class='ocrx_word' id='word_1_139' title='bbox 1533 2674 1793 2725; x_wconf 90' lang='lat' dir='ltr'>meretur</span> <span class='ocrx_word' id='word_1_140' title='bbox 1832 2682 2029 2743; x_wconf 89' lang='lat' dir='ltr'>opem.</span> 
     </span>
     <span class='ocr_line' id='line_1_23' title="bbox 606 2760 2014 2839; baseline 0.001 -19"><span class='ocrx_word' id='word_1_141' title='bbox 606 2762 773 2821; x_wconf 88' lang='lat' dir='ltr'>Auro</span> <span class='ocrx_word' id='word_1_142' title='bbox 815 2760 866 2821; x_wconf 89' lang='lat' dir='ltr'>si</span> <span class='ocrx_word' id='word_1_143' title='bbox 904 2763 1121 2839; x_wconf 78' lang='lat' dir='ltr'>pulseS,</span> <span class='ocrx_word' id='word_1_144' title='bbox 1163 2760 1428 2836; x_wconf 78' lang='lat' dir='ltr'>intrabiS,</span> <span class='ocrx_word' id='word_1_145' title='bbox 1471 2772 1534 2822; x_wconf 91' lang='lat' dir='ltr'>et</span> <span class='ocrx_word' id='word_1_146' title='bbox 1573 2760 1722 2823; x_wconf 90' lang='lat' dir='ltr'>illud</span> <span class='ocrx_word' id='word_1_147' title='bbox 1762 2761 2014 2823; x_wconf 84' lang='lat' dir='ltr'>habebis</span> 
     </span>
     <span class='ocr_line' id='line_1_24' title="bbox 608 2857 2649 2937; baseline 0 -18"><span class='ocrx_word' id='word_1_148' title='bbox 608 2860 795 2936; x_wconf 88' lang='lat' dir='ltr'>Quod</span> <span class='ocrx_word' id='word_1_149' title='bbox 835 2857 1005 2937; x_wconf 79' lang='lat' dir='ltr'>petiS‚</span> <span class='ocrx_word' id='word_1_150' title='bbox 1049 2870 1109 2919; x_wconf 90' lang='lat' dir='ltr'>et</span> <span class='ocrx_word' id='word_1_151' title='bbox 1148 2860 1380 2920; x_wconf 89' lang='lat' dir='ltr'>donum</span> <span class='ocrx_word' id='word_1_152' title='bbox 1421 2861 1533 2920; x_wconf 84' lang='lat' dir='ltr'>fert</span> <span class='ocrx_word' id='word_1_153' title='bbox 1573 2858 1683 2920; x_wconf 85' lang='lat' dir='ltr'>tibi</span> <span class='ocrx_word' id='word_1_154' title='bbox 1724 2861 1889 2921; x_wconf 90' lang='lat' dir='ltr'>dona</span> <span class='ocrx_word' id='word_1_155' title='bbox 1928 2871 2134 2919; x_wconf 87' lang='lat' dir='ltr'>tuum:</span> <span class='ocrx_word' id='word_1_156' title='bbox 2518 2882 2649 2919; x_wconf 81' lang='lat'>1210</span> 
     </span>
     <span class='ocr_line' id='line_1_25' title="bbox 609 2954 2010 3035; baseline -0.001 -18"><span class='ocrx_word' id='word_1_157' title='bbox 609 2956 674 3017; x_wconf 90' lang='lat' dir='ltr'>Si</span> <span class='ocrx_word' id='word_1_158' title='bbox 715 2954 824 3017; x_wconf 87' lang='lat' dir='ltr'>tibi</span> <span class='ocrx_word' id='word_1_159' title='bbox 865 2956 953 3017; x_wconf 85' lang='lat' dir='ltr'>vis</span> <span class='ocrx_word' id='word_1_160' title='bbox 993 2958 1168 3018; x_wconf 90' lang='lat' dir='ltr'>detur</span> <span class='ocrx_word' id='word_1_161' title='bbox 1206 2958 1382 3035; x_wconf 85' lang='lat' dir='ltr'>large,</span> <span class='ocrx_word' id='word_1_162' title='bbox 1427 2958 1506 3018; x_wconf 87' lang='lat' dir='ltr'>da</span> <span class='ocrx_word' id='word_1_163' title='bbox 1547 2977 1796 3018; x_wconf 88' lang='lat' dir='ltr'>munera</span> <span class='ocrx_word' id='word_1_164' title='bbox 1835 2959 2010 3035; x_wconf 85' lang='lat' dir='ltr'>larga,</span> 
     </span>
     <span class='ocr_line' id='line_1_26' title="bbox 611 3048 2151 3135; baseline 0 -20"><span class='ocrx_word' id='word_1_165' title='bbox 611 3056 774 3115; x_wconf 90' lang='lat' dir='ltr'>Nam</span> <span class='ocrx_word' id='word_1_166' title='bbox 816 3053 866 3114; x_wconf 88' lang='lat' dir='ltr'>si</span> <span class='ocrx_word' id='word_1_167' title='bbox 906 3074 1100 3133; x_wconf 84' lang='lat' dir='ltr'>pauca</span> <span class='ocrx_word' id='word_1_168' title='bbox 1138 3073 1314 3129; x_wconf 68' lang='lat' dir='ltr'>sem,</span> <span class='ocrx_word' id='word_1_169' title='bbox 1358 3054 1584 3135; x_wconf 87' lang='lat' dir='ltr'>premia</span> <span class='ocrx_word' id='word_1_170' title='bbox 1624 3075 1817 3134; x_wconf 80' lang='lat' dir='ltr'>pauca</span> <span class='ocrx_word' id='word_1_171' title='bbox 1858 3066 2062 3116; x_wconf 73' lang='lat' dir='ltr'>metes·</span> <span class='ocrx_word' id='word_1_172' title='bbox 2140 3048 2151 3057; x_wconf 78' lang='grc'><strong><em>’</em></strong></span> 
     </span>
    </p>

    <p class='ocr_par' dir='ltr' id='par_1_6' title="bbox 612 3150 2655 4392">
     <span class='ocr_line' id='line_1_27' title="bbox 694 3150 2351 3231; baseline 0.001 -20"><span class='ocrx_word' id='word_1_173' title='bbox 694 3150 861 3229; x_wconf 88' lang='lat' dir='ltr'>Quid</span> <span class='ocrx_word' id='word_1_174' title='bbox 903 3151 1079 3213; x_wconf 89' lang='lat' dir='ltr'>faciet</span> <span class='ocrx_word' id='word_1_175' title='bbox 1119 3150 1401 3231; x_wconf 87' lang='lat' dir='ltr'>sapiens?</span> <span class='ocrx_word' id='word_1_176' title='bbox 1455 3154 1668 3214; x_wconf 87' lang='lat' dir='ltr'>stultus</span> <span class='ocrx_word' id='word_1_177' title='bbox 1709 3154 1790 3215; x_wconf 91' lang='lat' dir='ltr'>de</span> <span class='ocrx_word' id='word_1_178' title='bbox 1828 3172 2076 3213; x_wconf 87' lang='lat' dir='ltr'>munere</span> <span class='ocrx_word' id='word_1_179' title='bbox 2116 3152 2351 3229; x_wconf 86' lang='lat' dir='ltr'>gaudet.</span> 
     </span>
     <span class='ocr_line' id='line_1_28' title="bbox 613 3248 2053 3329; baseline 0 -20"><span class='ocrx_word' id='word_1_180' title='bbox 613 3248 793 3309; x_wconf 89' lang='lat' dir='ltr'>Dicat</span> <span class='ocrx_word' id='word_1_181' title='bbox 830 3250 912 3310; x_wconf 86' lang='lat' dir='ltr'>ad</span> <span class='ocrx_word' id='word_1_182' title='bbox 952 3251 1066 3311; x_wconf 91' lang='lat' dir='ltr'>hec</span> <span class='ocrx_word' id='word_1_183' title='bbox 1106 3252 1316 3324; x_wconf 76' lang='lat' dir='ltr'>cleruS,</span> <span class='ocrx_word' id='word_1_184' title='bbox 1359 3248 1463 3328; x_wconf 91' lang='lat' dir='ltr'>qui</span> <span class='ocrx_word' id='word_1_185' title='bbox 1504 3249 1656 3329; x_wconf 85' lang='lat' dir='ltr'>sapit</span> <span class='ocrx_word' id='word_1_186' title='bbox 1697 3249 1810 3309; x_wconf 85' lang='lat' dir='ltr'>ista</span> <span class='ocrx_word' id='word_1_187' title='bbox 1850 3248 2053 3327; x_wconf 78' lang='lat' dir='ltr'>magis·</span> 
     </span>
     <span class='ocr_line' id='line_1_29' title="bbox 615 3345 2405 3427; baseline -0.001 -20"><span class='ocrx_word' id='word_1_188' title='bbox 615 3348 888 3423; x_wconf 81' lang='lat' dir='ltr'>Munera,</span> <span class='ocrx_word' id='word_1_189' title='bbox 933 3349 1110 3410; x_wconf 85' lang='lat' dir='ltr'>crede</span> <span class='ocrx_word' id='word_1_190' title='bbox 1152 3346 1353 3421; x_wconf 90' lang='lat' dir='ltr'>michi,</span> <span class='ocrx_word' id='word_1_191' title='bbox 1397 3345 1642 3427; x_wconf 86' lang='lat' dir='ltr'>capiunt</span> <span class='ocrx_word' id='word_1_192' title='bbox 1683 3345 2079 3425; x_wconf 88' lang='lat' dir='ltr'>hominesque</span> <span class='ocrx_word' id='word_1_193' title='bbox 2119 3347 2405 3424; x_wconf 88' lang='lat' dir='ltr'>deosque,</span> 
     </span>
     <span class='ocr_line' id='line_1_30' title="bbox 614 3442 1854 3505; baseline 0 -2"><span class='ocrx_word' id='word_1_194' title='bbox 614 3446 889 3505; x_wconf 77' lang='lat' dir='ltr'>Placatur</span> <span class='ocrx_word' id='word_1_195' title='bbox 927 3444 1104 3505; x_wconf 90' lang='lat' dir='ltr'>donis</span> <span class='ocrx_word' id='word_1_196' title='bbox 1145 3444 1334 3505; x_wconf 88' lang='lat' dir='ltr'>maior</span> <span class='ocrx_word' id='word_1_197' title='bbox 1372 3443 1435 3504; x_wconf 90' lang='lat' dir='ltr'>in</span> <span class='ocrx_word' id='word_1_198' title='bbox 1477 3443 1622 3504; x_wconf 90' lang='lat' dir='ltr'>orbe</span> <span class='ocrx_word' id='word_1_199' title='bbox 1663 3442 1854 3505; x_wconf 84' lang='lat' dir='ltr'>datis:</span> 
     </span>
     <span class='ocr_line' id='line_1_31' title="bbox 612 3538 2283 3621; baseline -0.002 -17"><span class='ocrx_word' id='word_1_200' title='bbox 612 3543 716 3604; x_wconf 91' lang='lat' dir='ltr'>Set</span> <span class='ocrx_word' id='word_1_201' title='bbox 756 3562 896 3603; x_wconf 89' lang='lat' dir='ltr'>cum</span> <span class='ocrx_word' id='word_1_202' title='bbox 938 3561 1046 3621; x_wconf 91' lang='lat' dir='ltr'>pro</span> <span class='ocrx_word' id='word_1_203' title='bbox 1087 3544 1319 3604; x_wconf 90' lang='lat' dir='ltr'>mundo</span> <span class='ocrx_word' id='word_1_204' title='bbox 1359 3541 1580 3607; x_wconf 83' lang='lat' dir='ltr'>tribuat</span> <span class='ocrx_word' id='word_1_205' title='bbox 1620 3561 1729 3602; x_wconf 86' lang='lat' dir='ltr'>sua</span> <span class='ocrx_word' id='word_1_206' title='bbox 1768 3560 2017 3602; x_wconf 85' lang='lat' dir='ltr'>munera</span> <span class='ocrx_word' id='word_1_207' title='bbox 2056 3538 2283 3614; x_wconf 89' lang='lat' dir='ltr'>Simon,</span> 
     </span>
     <span class='ocr_line' id='line_1_32' title="bbox 615 3638 1800 3703; baseline 0 -3"><span class='ocrx_word' id='word_1_208' title='bbox 615 3641 932 3702; x_wconf 88' lang='lat' dir='ltr'>Promotus</span> <span class='ocrx_word' id='word_1_209' title='bbox 975 3639 1153 3702; x_wconf 91' lang='lat' dir='ltr'>Cristi</span> <span class='ocrx_word' id='word_1_210' title='bbox 1193 3659 1318 3702; x_wconf 90' lang='lat' dir='ltr'>non</span> <span class='ocrx_word' id='word_1_211' title='bbox 1360 3638 1469 3703; x_wconf 86' lang='lat' dir='ltr'>erit</span> <span class='ocrx_word' id='word_1_212' title='bbox 1507 3640 1651 3702; x_wconf 88' lang='lat' dir='ltr'>inde</span> <span class='ocrx_word' id='word_1_213' title='bbox 1691 3638 1800 3700; x_wconf 88' lang='lat' dir='ltr'>sui.</span> 
     </span>
     <span class='ocr_line' id='line_1_33' title="bbox 612 3736 2143 3817; baseline 0.001 -21"><span class='ocrx_word' id='word_1_214' title='bbox 612 3740 698 3798; x_wconf 91' lang='lat' dir='ltr'>Vt</span> <span class='ocrx_word' id='word_1_215' title='bbox 737 3738 980 3799; x_wconf 86' lang='lat' dir='ltr'>veniant</span> <span class='ocrx_word' id='word_1_216' title='bbox 1017 3741 1098 3800; x_wconf 86' lang='lat' dir='ltr'>ad</span> <span class='ocrx_word' id='word_1_217' title='bbox 1136 3758 1322 3817; x_wconf 85' lang='lat' dir='ltr'>aquas</span> <span class='ocrx_word' id='word_1_218' title='bbox 1364 3738 1640 3801; x_wconf 84' lang='lat' dir='ltr'>sicientes</span> <span class='ocrx_word' id='word_1_219' title='bbox 1681 3749 1897 3817; x_wconf 91' lang='lat' dir='ltr'>sponte</span> <span class='ocrx_word' id='word_1_220' title='bbox 1936 3736 2143 3799; x_wconf 88' lang='lat' dir='ltr'>citauit</span> 
     </span>
     <span class='ocr_line' id='line_1_34' title="bbox 618 3833 2655 3909; baseline -0.002 -12"><span class='ocrx_word' id='word_1_221' title='bbox 618 3833 864 3909; x_wconf 78' lang='lat' dir='ltr'>CristuS,</span> <span class='ocrx_word' id='word_1_222' title='bbox 909 3845 970 3896; x_wconf 91' lang='lat' dir='ltr'>et</span> <span class='ocrx_word' id='word_1_223' title='bbox 1009 3854 1152 3897; x_wconf 88' lang='lat' dir='ltr'>ecce</span> <span class='ocrx_word' id='word_1_224' title='bbox 1193 3854 1306 3897; x_wconf 87' lang='lat' dir='ltr'>suo</span> <span class='ocrx_word' id='word_1_225' title='bbox 1343 3838 1511 3896; x_wconf 84' lang='lat' dir='ltr'>fonte</span> <span class='ocrx_word' id='word_1_226' title='bbox 1547 3834 1773 3897; x_wconf 86' lang='lat' dir='ltr'>cibauit</span> <span class='ocrx_word' id='word_1_227' title='bbox 1813 3854 1955 3909; x_wconf 78' lang='lat' dir='ltr'>eos3</span> <span class='ocrx_word' id='word_1_228' title='bbox 2527 3857 2655 3893; x_wconf 80' lang='lat'><em>1220</em></span> 
     </span>
     <span class='ocr_line' id='line_1_35' title="bbox 616 3930 2152 3995; baseline 0.001 -4"><span class='ocrx_word' id='word_1_229' title='bbox 616 3930 910 3991; x_wconf 88' lang='lat' dir='ltr'>Fontibus</span> <span class='ocrx_word' id='word_1_230' title='bbox 951 3942 1011 3991; x_wconf 91' lang='lat' dir='ltr'>et</span> <span class='ocrx_word' id='word_1_231' title='bbox 1051 3930 1267 3994; x_wconf 88' lang='lat' dir='ltr'>nostris</span> <span class='ocrx_word' id='word_1_232' title='bbox 1308 3931 1523 3995; x_wconf 85' lang='lat' dir='ltr'>siciens</span> <span class='ocrx_word' id='word_1_233' title='bbox 1565 3951 1689 3993; x_wconf 89' lang='lat' dir='ltr'>non</span> <span class='ocrx_word' id='word_1_234' title='bbox 1732 3930 1961 3993; x_wconf 88' lang='lat' dir='ltr'>hauriet</span> <span class='ocrx_word' id='word_1_235' title='bbox 2001 3932 2152 3992; x_wconf 89' lang='lat' dir='ltr'>vllus</span> 
     </span>
     <span class='ocr_line' id='line_1_36' title="bbox 617 4026 2111 4107; baseline 0 -20"><span class='ocrx_word' id='word_1_236' title='bbox 617 4026 868 4105; x_wconf 90' lang='lat' dir='ltr'>Absque</span> <span class='ocrx_word' id='word_1_237' title='bbox 907 4027 1053 4090; x_wconf 90' lang='lat' dir='ltr'>lucri</span> <span class='ocrx_word' id='word_1_238' title='bbox 1095 4026 1302 4107; x_wconf 88' lang='lat' dir='ltr'>preti0,</span> <span class='ocrx_word' id='word_1_239' title='bbox 1348 4030 1516 4107; x_wconf 89' lang='lat' dir='ltr'>quod</span> <span class='ocrx_word' id='word_1_240' title='bbox 1556 4028 1725 4091; x_wconf 83' lang='lat' dir='ltr'>dabit</span> <span class='ocrx_word' id='word_1_241' title='bbox 1764 4028 1893 4107; x_wconf 91' lang='lat' dir='ltr'>ipse</span> <span class='ocrx_word' id='word_1_242' title='bbox 1933 4026 2111 4105; x_wconf 79' lang='lat' dir='ltr'>prius,</span> 
     </span>
     <span class='ocr_line' id='line_1_37' title="bbox 615 4122 2454 4205; baseline 0.001 -21"><span class='ocrx_word' id='word_1_243' title='bbox 615 4126 896 4186; x_wconf 89' lang='lat' dir='ltr'>Vendere</span> <span class='ocrx_word' id='word_1_244' title='bbox 936 4124 1082 4202; x_wconf 91' lang='lat' dir='ltr'>quid</span> <span class='ocrx_word' id='word_1_245' title='bbox 1123 4144 1233 4203; x_wconf 90' lang='lat' dir='ltr'>pro</span> <span class='ocrx_word' id='word_1_246' title='bbox 1274 4144 1397 4204; x_wconf 90' lang='lat' dir='ltr'>quo</span> <span class='ocrx_word' id='word_1_247' title='bbox 1439 4126 1655 4187; x_wconf 88' lang='lat' dir='ltr'>modus</span> <span class='ocrx_word' id='word_1_248' title='bbox 1697 4135 1788 4187; x_wconf 91' lang='lat' dir='ltr'>est</span> <span class='ocrx_word' id='word_1_249' title='bbox 1827 4144 2009 4205; x_wconf 85' lang='lat' dir='ltr'>quem</span> <span class='ocrx_word' id='word_1_250' title='bbox 2049 4122 2212 4187; x_wconf 85' lang='lat' dir='ltr'>curia</span> <span class='ocrx_word' id='word_1_251' title='bbox 2253 4136 2454 4187; x_wconf 87' lang='lat' dir='ltr'>nostra</span> 
     </span>
     <span class='ocr_line' id='line_1_38' title="bbox 617 4220 1919 4302; baseline -0.001 -21"><span class='ocrx_word' id='word_1_252' title='bbox 617 4222 843 4295; x_wconf 84' lang='lat' dir='ltr'>Seruat,</span> <span class='ocrx_word' id='word_1_253' title='bbox 887 4231 949 4282; x_wconf 92' lang='lat' dir='ltr'>et</span> <span class='ocrx_word' id='word_1_254' title='bbox 988 4220 1208 4284; x_wconf 81' lang='lat' dir='ltr'>auxilio</span> <span class='ocrx_word' id='word_1_255' title='bbox 1249 4220 1510 4285; x_wconf 88' lang='lat' dir='ltr'>Simonis</span> <span class='ocrx_word' id='word_1_256' title='bbox 1552 4221 1682 4302; x_wconf 84' lang='lat' dir='ltr'>ipsa</span> <span class='ocrx_word' id='word_1_257' title='bbox 1721 4220 1919 4301; x_wconf 83' lang='lat' dir='ltr'>viget:</span> 
     </span>
     <span class='ocr_line' id='line_1_39' title="bbox 617 4317 2230 4392; baseline -0.003 -10"><span class='ocrx_word' id='word_1_258' title='bbox 617 4318 798 4383; x_wconf 84' lang='lat' dir='ltr'>Curia</span> <span class='ocrx_word' id='word_1_259' title='bbox 838 4329 1042 4379; x_wconf 87' lang='lat' dir='ltr'>nostra</span> <span class='ocrx_word' id='word_1_260' title='bbox 1080 4318 1272 4380; x_wconf 83' lang='lat' dir='ltr'>virum</span> <span class='ocrx_word' id='word_1_261' title='bbox 1313 4318 1485 4379; x_wconf 88' lang='lat' dir='ltr'>nouit</span> <span class='ocrx_word' id='word_1_262' title='bbox 1525 4317 1654 4379; x_wconf 90' lang='lat' dir='ltr'>sine</span> <span class='ocrx_word' id='word_1_263' title='bbox 1694 4337 1941 4381; x_wconf 86' lang='lat' dir='ltr'>munere</span> <span class='ocrx_word' id='word_1_264' title='bbox 1981 4319 2230 4392; x_wconf 88' lang='lat' dir='ltr'>nullum,</span> 
     </span>
    </p>
   </div>
   <div class='ocr_carea' id='block_1_6' title="bbox 874 4476 2306 4544">
    <p class='ocr_par' dir='ltr' id='par_1_7' title="bbox 874 4476 2306 4544">
     <span class='ocr_line' id='line_1_40' title="bbox 874 4476 2306 4544; baseline -0.003 -13"><span class='ocrx_word' id='word_1_265' title='bbox 874 4494 1000 4544; x_wconf 77' lang='lat'>1⁰¹4</span> <span class='ocrx_word' id='word_1_266' title='bbox 1035 4480 1102 4531; x_wconf 82' lang='lat' dir='ltr'>ad</span> <span class='ocrx_word' id='word_1_267' title='bbox 1123 4480 1224 4534; x_wconf 88' lang='lat' dir='ltr'>hcc</span> <span class='ocrx_word' id='word_1_268' title='bbox 1245 4478 1618 4533; x_wconf 76' lang='lat' dir='ltr'>CEHGDTH-</span> <span class='ocrx_word' id='word_1_269' title='bbox 1681 4480 1750 4530; x_wconf 79' lang='lat' dir='ltr'>ad</span> <span class='ocrx_word' id='word_1_270' title='bbox 1772 4480 1871 4530; x_wconf 84' lang='lat' dir='ltr'>hoc</span> <span class='ocrx_word' id='word_1_271' title='bbox 1896 4478 1937 4531; x_wconf 91' lang='lat' dir='ltr'>L</span> <span class='ocrx_word' id='word_1_272' title='bbox 2003 4488 2058 4529; x_wconf 81' lang='lat' dir='ltr'>et</span> <span class='ocrx_word' id='word_1_273' title='bbox 2080 4479 2179 4529; x_wconf 89' lang='lat' dir='ltr'>hec</span> <span class='ocrx_word' id='word_1_274' title='bbox 2202 4476 2242 4527; x_wconf 90' lang='lat' dir='ltr'>S</span> <span class='ocrx_word' id='word_1_275' title='bbox 2302 4502 2306 4505; x_wconf 51' lang='grc'><strong>«</strong></span> 
     </span>
    </p>
   </div>
  </div>
 </body>
</html>
