3434 5142
828 461 1299 527 CAPITULA
1354 462 1615 527 LIBRI
1676 462 2061 529 SEPTIMI
2571 484 2648 551 17

538 623 709 685 'dicit
750 623 911 686 enim
953 622 1121 700 quod
1161 640 1233 685 ea
1272 640 1393 700 que
1434 640 1626 700 nuper
1664 624 2041 685 condicionis
2081 624 2346 687 humane
2383 626 2648 691 virtuosa

564 722 819 797 fuerant,
846 721 909 781 in
938 738 1116 781 suum
1144 720 1331 781 modo
1356 722 1724 781 contrarium
1753 723 1984 801 singula
2009 722 2400 785 diuertuntur.

229 820 437 897 Capu.
460 838 517 881 v.
562 820 725 895 Quia
760 818 1169 895 vnusquisque
1206 818 1285 879 ad
1322 834 1568 895 presens
1604 818 1685 879 de
1722 819 1934 881 mundi
1971 820 2358 898 conqueritur
2383 820 2645 893 fallaciis,

562 916 821 979 intendit
873 917 973 979 hic
1028 916 1108 977 de
1161 924 1319 979 statu
1366 926 1429 978 et
1482 916 1846 978 condicione
1891 918 2120 993 mundi,
2167 936 2406 980 necnon
2461 928 2523 981 et
2571 918 2649 983 de

564 1014 802 1075 miseria
828 1014 1203 1075 condicionis
1232 1015 1513 1089 humane,
1546 1024 1798 1075 tractare
1823 1027 2280 1094 consequenter.

234 1113 435 1190 Capm.
466 1111 543 1173 vi.
590 1112 715 1171 Hic
742 1112 1007 1189 loquitur
1032 1110 1113 1171 de
1153 1110 1447 1188 principio
1474 1112 1803 1173 creacionis
1830 1114 2128 1175 humane:
2171 1113 2433 1175 declarat
2459 1113 2648 1173 eciam

568 1210 821 1287 qualiter
860 1208 1127 1272 mundus
1167 1208 1249 1269 ad
1289 1228 1465 1269 vsum
1506 1210 1786 1284 hominis,
1831 1222 1893 1271 et
1933 1211 2122 1271 homo
2159 1211 2240 1271 ad
2278 1212 2510 1271 cultum
2549 1210 2650 1275 dei

568 1317 799 1369 creatus
818 1306 1049 1381 extitit3
1074 1306 1158 1366 ita
1179 1305 1363 1383 quod,
1394 1306 1445 1366 si
1472 1306 1658 1367 homo
1678 1307 1862 1368 deum
1885 1326 2060 1368 suum
2088 1307 2294 1369 debite
2321 1326 2446 1368 non
2475 1308 2648 1380 colat,

568 1403 835 1464 mundus
876 1422 996 1481 que
1036 1422 1145 1465 sua
1184 1413 1327 1464 sunt
1365 1403 1599 1465 homini
1638 1402 1845 1465 debita
1885 1405 2080 1467 officia
2119 1404 2363 1467 vlterius
2403 1404 2652 1465 reddere

569 1520 695 1563 non
720 1511 1009 1565 teneatur.

240 1602 443 1679 Capm.
472 1600 569 1667 vii.
616 1599 743 1659 Hic
796 1599 1063 1677 loquitur
1114 1598 1298 1677 quod,
1350 1616 1549 1676 exquo
1596 1610 1826 1661 creator
1871 1601 2144 1662 omniurn
2193 1601 2344 1662 deus
2392 1599 2652 1677 singulas

566 1697 743 1757 huius
771 1696 984 1757 mundi
1013 1696 1258 1756 delicias
1295 1697 1427 1757 vsui
1457 1695 1728 1757 subdidit
1754 1698 2040 1773 humanO,
2069 1698 2321 1776 dignum
2349 1706 2439 1757 eet
2466 1695 2650 1774 quod,

568 1795 722 1855 sicut
763 1796 951 1856 homo
991 1794 1221 1857 deliciis
1270 1794 1607 1856 secundum
1646 1810 1866 1873 corpus
1913 1796 2140 1871 fruitur,
2189 1797 2271 1855 ita
2317 1793 2654 1855 sociandum

567 1893 839 1970 spiritum
872 1892 991 1953 deo
1029 1893 1279 1954 creatori
1316 1910 1430 1953 suo
1469 1902 1703 1969 gratum
1745 1891 2106 1971 obsequium
2147 1911 2288 1953 cum
2323 1892 2650 1970 graciarum

567 1992 815 2053 accione
844 2001 974 2052 toto
1002 1990 1187 2052 corde
1212 1991 1519 2067 rependat.

244 2089 441 2167 Capu.
473 2087 593 2150 viii.
640 2088 766 2147 Hic
800 2097 1015 2148 tractat
1052 2088 1307 2165 qualiter
1342 2088 1529 2148 homo
1565 2088 1785 2148 dicitur
1819 2089 2016 2147 minor
2043 2086 2344 2163 mundus3
2383 2086 2466 2147 ita
2490 2084 2658 2163 quod

568 2185 903 2247 secundum
942 2186 1061 2247 hoc
1097 2186 1265 2263 quod
1292 2186 1481 2246 bomo
1505 2184 1666 2247 bene
1694 2186 1788 2246 vel
1817 2186 1974 2246 male
1998 2185 2141 2263 agit,
2168 2183 2432 2245 mundus
2457 2182 2657 2245 bonus

426 2358 431 2361 Ι
569 2284 664 2344 vel
692 2284 887 2345 malus
912 2302 1022 2360 per
1046 2300 1427 2361 consequens
1454 2284 1667 2345 existit.

242 2382 447 2463 Capm.
470 2381 547 2443 ix,
592 2381 719 2441 Hic
738 2382 1003 2459 loquitur
1024 2382 1275 2459 qualiter
1302 2382 1505 2457 hom0,
1528 2382 1633 2460 qui
1660 2382 1858 2442 minor
1879 2381 2144 2442 mundus
2169 2381 2403 2455 dicitur,
2425 2398 2463 2441 a
2489 2398 2660 2439 mun-

570 2480 655 2541 do
680 2479 1015 2540 secundum
1041 2498 1257 2557 corpus
1287 2480 1349 2541 in
1376 2490 1631 2541 mortem
1660 2479 1963 2555 transibit3
1989 2488 2051 2539 et
2072 2480 2375 2557 sicutipse
2393 2478 2656 2555 corporis

572 2577 667 2639 sui
694 2587 946 2655 peccato
973 2578 1151 2637 huius
1178 2558 1393 2637 mundi
1420 2576 1846 2653 corrupcioniS,
1877 2576 2025 2637 dum
2053 2577 2218 2647 Viuit,
2245 2585 2451 2637 causat
2481 2592 2659 2635 euen-

571 2684 720 2749 tum,
750 2676 834 2735 ita
866 2676 931 2737 in
959 2693 1208 2752 corpore
1235 2683 1476 2735 mortuo
1502 2683 1714 2751 postea
1742 2674 2074 2751 putredinis
2101 2671 2302 2735 subire
2327 2671 2662 2749 corrupcio-

574 2790 715 2833 nem
743 2783 1003 2850 cogetur.
1091 2774 1171 2833 Et
1193 2773 1387 2851 primo
1424 2773 1587 2834 dicet
1613 2773 1694 2834 de
1731 2772 1948 2832 mortui
1977 2772 2242 2849 corporis
2268 2770 2660 2848 corrupcione

574 2872 911 2932 secundum
938 2867 1308 2948 Superbiam.

244 2972 443 3049 Capu.
475 2988 530 3031 x.
578 2969 705 3029 Hic
760 2970 1022 3047 loquitur
1076 2969 1155 3033 de
1209 2967 1528 3046 corporis
1582 2968 1840 3029 mortui
1889 2967 2282 3045 corrupcione
2323 2964 2657 3030 secundum

576 3067 894 3128 Inuidiam.

247 3167 446 3243 Capm.
478 3167 557 3225 xi.
604 3165 729 3225 Hic
756 3164 1021 3242 loquitur
1046 3163 1125 3225 de
1152 3162 1417 3240 corporis
1444 3164 1665 3225 mortui
1697 3163 2092 3241 corrupcione
2117 3162 2451 3225 secundum
2482 3162 2658 3223 Iram.

246 3264 448 3342 Capffi.
475 3262 575 3325 xii.
621 3263 747 3323 Hic
776 3262 1037 3340 loquitur
1064 3260 1145 3323 de
1171 3261 1435 3340 corporis
1462 3261 1681 3322 mortui
1716 3262 2109 3340 corrupcione
2135 3260 2470 3323 secundum
2495 3260 2662 3319 Aua-

574 3360 797 3421 riciam.

246 3462 447 3538 Capm.
478 3458 599 3519 xiii.
645 3458 771 3519 Hic
796 3458 1064 3535 loquitur
1081 3456 1160 3518 de
1187 3457 1452 3534 corporis
1473 3456 1693 3518 mortui
1723 3457 2116 3534 corrupcione
2135 3452 2471 3515 secundum
2491 3450 2664 3517 Acci-

574 3556 755 3617 diam.

244 3658 445 3735 Capu.
474 3653 619 3716 xiiii.
665 3653 792 3713 Hic
844 3652 1107 3730 loquitur
1160 3652 1239 3713 de
1292 3653 1557 3730 corporis
1608 3652 1829 3715 mortui
1883 3649 2274 3729 corrupcione
2328 3647 2662 3713 secundum

576 3751 813 3813 Gulam.

246 3852 445 3930 Capu.
474 3869 573 3913 xv·
618 3848 745 3909 Hic
771 3848 1034 3925 loquitur
1074 3847 1155 3909 dc
1192 3848 1458 3925 corporis
1498 3848 1718 3909 mortui
1755 3846 2146 3925 corrupcione
2177 3844 2512 3907 secundum
2542 3844 2664 3905 Lu·

576 3947 825 4005 xuriam.

246 4046 445 4124 Capu.
476 4043 597 4107 xvi.
640 4042 861 4119 Exquo
914 4042 1191 4105 tractauit
1240 4041 1493 4119 qualiter
1538 4042 1711 4102 variis
1766 4041 1996 4118 peccati
2055 4038 2285 4101 deliciis
2332 4039 2666 4100 humanum

576 4157 795 4216 corpus
876 4138 939 4197 in
1009 4140 1127 4198 hoc
1208 4137 1439 4200 mundo
1508 4138 1825 4216 putredine
1893 4136 2282 4211 consumitur,
2347 4135 2666 4210 interrogat

574 4236 816 4297 vlterius
870 4235 951 4297 de
1005 4235 1255 4297 homine
1310 4246 1643 4317 peccatore,
1694 4234 2008 4315 quomodo
2061 4233 2276 4299 mundi
2330 4231 2664 4309 voluptates

308 4384 379 4434 vi.
399 4398 435 4445 3
468 4396 625 4433 suum
645 4380 839 4433 CEGD
903 4396 1019 4431 sum
1043 4380 1085 4433 S
1282 4380 1371 4433 vii.
1396 4396 1429 4442 4
1464 4378 1691 4446 gratum]
1713 4394 2010 4444 congruum
2034 4379 2082 4429 D
2291 4376 2398 4429 xvi.
2421 4390 2456 4445 3
2489 4372 2667 4427 muudi

242 4464 421 4517 mc

328 4544 477 4581 *με*
1442 4560 1483 4611 c
