<?xml version="1.0" encoding="UTF-8"?>
<!DOCTYPE html PUBLIC "-//W3C//DTD XHTML 1.0 Transitional//EN"
    "http://www.w3.org/TR/xhtml1/DTD/xhtml1-transitional.dtd">
<html xmlns="http://www.w3.org/1999/xhtml" xml:lang="en" lang="en">
 <head>
  <title>
</title>
<meta http-equiv="Content-Type" content="text/html;charset=utf-8" />
  <meta name='ocr-system' content='tesseract 3.04.00' />
  <meta name='ocr-capabilities' content='ocr_page ocr_carea ocr_par ocr_line ocrx_word'/>
</head>
<body>
  <div class='ocr_page' id='page_1' title='image "./completeworksjo01macagoog_0406.png"; bbox 0 0 3434 5142; ppageno 0'>
   <div class='ocr_carea' id='block_1_1' title="bbox 823 450 952 531">
    <p class='ocr_par' dir='ltr' id='par_1_1' title="bbox 823 450 952 531">
     <span class='ocr_line' id='line_1_1' title="bbox 823 450 952 531; baseline 0 -20"><span class='ocrx_word' id='word_1_1' title='bbox 823 450 952 531; x_wconf 84' lang='lat'>316</span> 
     </span>
    </p>
   </div>
   <div class='ocr_carea' id='block_1_2' title="bbox 328 614 952 995">
    <p class='ocr_par' dir='ltr' id='par_1_2' title="bbox 328 614 952 995">
     <span class='ocr_line' id='line_1_2' title="bbox 333 614 947 667; baseline 0.007 -4"><span class='ocrx_word' id='word_1_2' title='bbox 333 614 421 665; x_wconf 90' lang='lat' dir='ltr'>ilio</span> <span class='ocrx_word' id='word_1_3' title='bbox 430 616 494 666; x_wconf 81' lang='lat' dir='ltr'>ab</span> <span class='ocrx_word' id='word_1_4' title='bbox 505 618 582 666; x_wconf 84' lang='lat' dir='ltr'>eis</span> <span class='ocrx_word' id='word_1_5' title='bbox 591 623 772 667; x_wconf 84' lang='lat' dir='ltr'>contra</span> <span class='ocrx_word' id='word_1_6' title='bbox 781 617 947 667; x_wconf 83' lang='lat' dir='ltr'>dictos</span> 
     </span>
     <span class='ocr_line' id='line_1_3' title="bbox 331 682 948 745; baseline -0.003 -14"><span class='ocrx_word' id='word_1_7' title='bbox 331 688 439 731; x_wconf 85' lang='lat' dir='ltr'>tres</span> <span class='ocrx_word' id='word_1_8' title='bbox 453 698 696 745; x_wconf 79' lang='lat' dir='ltr'>proceres</span> <span class='ocrx_word' id='word_1_9' title='bbox 711 682 948 744; x_wconf 86' lang='lat' dir='ltr'>optinen-</span> 
     </span>
     <span class='ocr_line' id='line_1_4' title="bbox 330 748 950 811; baseline 0 -15"><span class='ocrx_word' id='word_1_10' title='bbox 330 748 398 796; x_wconf 89' lang='lat' dir='ltr'>do</span> <span class='ocrx_word' id='word_1_11' title='bbox 433 748 734 811; x_wconf 80' lang='lat' dir='ltr'>requisiuit;</span> <span class='ocrx_word' id='word_1_12' title='bbox 771 755 852 797; x_wconf 83' lang='lat' dir='ltr'>set</span> <span class='ocrx_word' id='word_1_13' title='bbox 877 748 950 797; x_wconf 93' lang='lat' dir='ltr'>illi</span> 
     </span>
     <span class='ocr_line' id='line_1_5' title="bbox 331 812 948 875; baseline 0 -14"><span class='ocrx_word' id='word_1_14' title='bbox 331 812 473 874; x_wconf 76' lang='lat' dir='ltr'>regis</span> <span class='ocrx_word' id='word_1_15' title='bbox 525 812 774 862; x_wconf 74' lang='lat' dir='ltr'><strong>maliciam</strong></span> <span class='ocrx_word' id='word_1_16' title='bbox 831 828 948 875; x_wconf 91' lang='lat' dir='ltr'>per-</span> 
     </span>
     <span class='ocr_line' id='line_1_6' title="bbox 331 878 948 941; baseline 0.003 -16"><span class='ocrx_word' id='word_1_17' title='bbox 331 878 622 941; x_wconf 65' lang='lat' dir='ltr'>plectentoe</span> <span class='ocrx_word' id='word_1_18' title='bbox 645 879 814 927; x_wconf 87' lang='lat' dir='ltr'>eidem</span> <span class='ocrx_word' id='word_1_19' title='bbox 837 878 948 927; x_wconf 90' lang='lat' dir='ltr'>nul-</span> 
     </span>
     <span class='ocr_line' id='line_1_7' title="bbox 328 942 952 995; baseline 0.002 -2"><span class='ocrx_word' id='word_1_20' title='bbox 328 942 464 993; x_wconf 80' lang='lat' dir='ltr'><strong>laten</strong></span> <span class='ocrx_word' id='word_1_21' title='bbox 469 959 530 993; x_wconf 87' lang='lat' dir='ltr'>us</span> <span class='ocrx_word' id='word_1_22' title='bbox 540 945 952 995; x_wconf 79' lang='lat' dir='ltr'>consensierunt.</span> 
     </span>
    </p>
   </div>
   <div class='ocr_carea' id='block_1_3' title="bbox 329 1024 950 1599">
    <p class='ocr_par' dir='ltr' id='par_1_3' title="bbox 329 1024 950 1599">
     <span class='ocr_line' id='line_1_8' title="bbox 395 1024 950 1086; baseline 0.002 -13"><span class='ocrx_word' id='word_1_23' title='bbox 395 1024 632 1086; x_wconf 80' lang='lat' dir='ltr'><strong>Qualiter</strong></span> <span class='ocrx_word' id='word_1_24' title='bbox 658 1040 751 1075; x_wconf 83' lang='lat' dir='ltr'>rex</span> <span class='ocrx_word' id='word_1_25' title='bbox 773 1024 950 1077; x_wconf 84' lang='lat' dir='ltr'>Comi·</span> 
     </span>
     <span class='ocr_line' id='line_1_9' title="bbox 329 1090 948 1153; baseline 0.002 -14"><span class='ocrx_word' id='word_1_26' title='bbox 329 1096 436 1140; x_wconf 88' lang='lat' dir='ltr'>tem</span> <span class='ocrx_word' id='word_1_27' title='bbox 476 1090 704 1150; x_wconf 84' lang='lat' dir='ltr'>Oxonie,</span> <span class='ocrx_word' id='word_1_28' title='bbox 736 1092 824 1152; x_wconf 90' lang='lat' dir='ltr'>qui</span> <span class='ocrx_word' id='word_1_29' title='bbox 853 1106 948 1153; x_wconf 88' lang='lat' dir='ltr'>per</span> 
     </span>
     <span class='ocr_line' id='line_1_10' title="bbox 329 1156 947 1219; baseline 0.002 -14"><span class='ocrx_word' id='word_1_30' title='bbox 329 1170 512 1219; x_wconf 81' lang='lat' dir='ltr'>aprum</span> <span class='ocrx_word' id='word_1_31' title='bbox 535 1156 851 1219; x_wconf 73' lang='lat' dir='ltr'>designatur,</span> <span class='ocrx_word' id='word_1_32' title='bbox 891 1166 947 1206; x_wconf 87' lang='lat' dir='ltr'>vt</span> 
     </span>
     <span class='ocr_line' id='line_1_11' title="bbox 329 1221 944 1284; baseline 0.002 -14"><span class='ocrx_word' id='word_1_33' title='bbox 329 1221 442 1284; x_wconf 81' lang='lat' dir='ltr'>ipse</span> <span class='ocrx_word' id='word_1_34' title='bbox 457 1230 637 1271; x_wconf 86' lang='lat' dir='ltr'>contra</span> <span class='ocrx_word' id='word_1_35' title='bbox 647 1230 754 1271; x_wconf 87' lang='lat' dir='ltr'>tres</span> <span class='ocrx_word' id='word_1_36' title='bbox 765 1236 944 1284; x_wconf 88' lang='lat' dir='ltr'>proce-</span> 
     </span>
     <span class='ocr_line' id='line_1_12' title="bbox 329 1287 947 1349; baseline 0.003 -14"><span class='ocrx_word' id='word_1_37' title='bbox 329 1302 414 1336; x_wconf 83' lang='lat' dir='ltr'>res</span> <span class='ocrx_word' id='word_1_38' title='bbox 435 1287 726 1336; x_wconf 84' lang='lat' dir='ltr'>antedictos</span> <span class='ocrx_word' id='word_1_39' title='bbox 761 1294 947 1349; x_wconf 79' lang='lat' dir='ltr'>gentes</span> 
     </span>
     <span class='ocr_line' id='line_1_13' title="bbox 329 1352 944 1402; baseline 0.002 -1"><span class='ocrx_word' id='word_1_40' title='bbox 329 1352 621 1401; x_wconf 78' lang='lat' dir='ltr'>bellatrices</span> <span class='ocrx_word' id='word_1_41' title='bbox 769 1368 944 1402; x_wconf 84' lang='lat' dir='ltr'>secum</span> 
     </span>
     <span class='ocr_line' id='line_1_14' title="bbox 330 1416 945 1480; baseline 0 -13"><span class='ocrx_word' id='word_1_42' title='bbox 330 1419 560 1477; x_wconf 89' lang='lat' dir='ltr'>duceret,</span> <span class='ocrx_word' id='word_1_43' title='bbox 639 1416 692 1467; x_wconf 84' lang='lat' dir='ltr'>in</span> <span class='ocrx_word' id='word_1_44' title='bbox 769 1425 945 1480; x_wconf 82' lang='lat' dir='ltr'>partes</span> 
     </span>
     <span class='ocr_line' id='line_1_15' title="bbox 329 1482 945 1548; baseline 0.002 -16"><span class='ocrx_word' id='word_1_45' title='bbox 329 1482 530 1533; x_wconf 86' lang='lat' dir='ltr'>Cestrie</span> <span class='ocrx_word' id='word_1_46' title='bbox 547 1499 648 1531; x_wconf 84' lang='lat' dir='ltr'>vna</span> <span class='ocrx_word' id='word_1_47' title='bbox 665 1498 779 1532; x_wconf 88' lang='lat' dir='ltr'>cum</span> <span class='ocrx_word' id='word_1_48' title='bbox 801 1484 945 1548; x_wconf 84' lang='lat' dir='ltr'>regio</span> 
     </span>
     <span class='ocr_line' id='line_1_16' title="bbox 329 1548 837 1599; baseline 0 0"><span class='ocrx_word' id='word_1_49' title='bbox 329 1548 520 1599; x_wconf 80' lang='lat' dir='ltr'>vexillo</span> <span class='ocrx_word' id='word_1_50' title='bbox 543 1549 837 1599; x_wconf 81' lang='lat' dir='ltr'>destinauit.</span> 
     </span>
    </p>
   </div>
   <div class='ocr_carea' id='block_1_4' title="bbox 394 2361 944 2426">
    <p class='ocr_par' dir='ltr' id='par_1_4' title="bbox 394 2361 944 2426">
     <span class='ocr_line' id='line_1_17' title="bbox 394 2361 944 2426; baseline 0.002 -15"><span class='ocrx_word' id='word_1_51' title='bbox 394 2361 628 2423; x_wconf 78' lang='lat' dir='ltr'>Qualiter</span> <span class='ocrx_word' id='word_1_52' title='bbox 723 2363 944 2426; x_wconf 83' lang='lat' dir='ltr'>quodam</span> 
     </span>
    </p>
   </div>
   <div class='ocr_carea' id='block_1_5' title="bbox 243 2427 946 2479">
    <p class='ocr_par' dir='ltr' id='par_1_5' title="bbox 243 2427 946 2479">
     <span class='ocr_line' id='line_1_18' title="bbox 243 2427 946 2479; baseline 0.006 -4"><span class='ocrx_word' id='word_1_53' title='bbox 243 2427 248 2435; x_wconf 94' lang='lat'>&#39;</span> <span class='ocrx_word' id='word_1_54' title='bbox 331 2428 416 2477; x_wconf 89' lang='lat' dir='ltr'>die</span> <span class='ocrx_word' id='word_1_55' title='bbox 477 2428 696 2477; x_wconf 87' lang='lat' dir='ltr'>Veneris</span> <span class='ocrx_word' id='word_1_56' title='bbox 753 2430 946 2479; x_wconf 87' lang='lat' dir='ltr'>Comes</span> 
     </span>
    </p>
   </div>
   <div class='ocr_carea' id='block_1_6' title="bbox 327 2492 946 3605">
    <p class='ocr_par' dir='ltr' id='par_1_6' title="bbox 327 2492 946 3605">
     <span class='ocr_line' id='line_1_19' title="bbox 331 2492 944 2545; baseline 0.007 -4"><span class='ocrx_word' id='word_1_57' title='bbox 331 2492 539 2541; x_wconf 87' lang='lat' dir='ltr'>Oxonie</span> <span class='ocrx_word' id='word_1_58' title='bbox 570 2509 683 2543; x_wconf 88' lang='lat' dir='ltr'>cum</span> <span class='ocrx_word' id='word_1_59' title='bbox 716 2495 828 2543; x_wconf 87' lang='lat' dir='ltr'>suis</span> <span class='ocrx_word' id='word_1_60' title='bbox 863 2510 944 2545; x_wconf 77' lang='lat' dir='ltr'>se-</span> 
     </span>
     <span class='ocr_line' id='line_1_20' title="bbox 327 2560 946 2622; baseline 0.003 -15"><span class='ocrx_word' id='word_1_61' title='bbox 327 2560 600 2621; x_wconf 82' lang='lat' dir='ltr'>quentibus</span> <span class='ocrx_word' id='word_1_62' title='bbox 610 2560 660 2608; x_wconf 90' lang='lat' dir='ltr'>in</span> <span class='ocrx_word' id='word_1_63' title='bbox 671 2568 946 2622; x_wconf 90' lang='lat' dir='ltr'>conspectu</span> 
     </span>
     <span class='ocr_line' id='line_1_21' title="bbox 329 2625 944 2688; baseline 0 -15"><span class='ocrx_word' id='word_1_64' title='bbox 329 2625 478 2673; x_wconf 84' lang='lat' dir='ltr'>ducis</span> <span class='ocrx_word' id='word_1_65' title='bbox 519 2626 814 2688; x_wconf 85' lang='lat' dir='ltr'>Glouernie‚</span> <span class='ocrx_word' id='word_1_66' title='bbox 855 2627 944 2688; x_wconf 88' lang='lat' dir='ltr'>qui</span> 
     </span>
     <span class='ocr_line' id='line_1_22' title="bbox 328 2690 944 2753; baseline 0 -14"><span class='ocrx_word' id='word_1_67' title='bbox 328 2698 450 2739; x_wconf 91' lang='lat' dir='ltr'>tunc</span> <span class='ocrx_word' id='word_1_68' title='bbox 471 2690 640 2753; x_wconf 80' lang='lat' dir='ltr'>vulpis</span> <span class='ocrx_word' id='word_1_69' title='bbox 663 2692 876 2740; x_wconf 84' lang='lat' dir='ltr'>caudam</span> <span class='ocrx_word' id='word_1_70' title='bbox 889 2692 944 2740; x_wconf 85' lang='lat' dir='ltr'>in</span> 
     </span>
     <span class='ocr_line' id='line_1_23' title="bbox 329 2756 943 2819; baseline 0.003 -15"><span class='ocrx_word' id='word_1_71' title='bbox 329 2756 510 2804; x_wconf 80' lang='lat' dir='ltr'>lancea</span> <span class='ocrx_word' id='word_1_72' title='bbox 553 2758 731 2818; x_wconf 78' lang='lat' dir='ltr'>gessit,</span> <span class='ocrx_word' id='word_1_73' title='bbox 777 2772 943 2819; x_wconf 86' lang='lat' dir='ltr'>prope</span> 
     </span>
     <span class='ocr_line' id='line_1_24' title="bbox 329 2821 942 2872; baseline 0.003 -3"><span class='ocrx_word' id='word_1_74' title='bbox 329 2821 497 2870; x_wconf 79' lang='lat' dir='ltr'>villam</span> <span class='ocrx_word' id='word_1_75' title='bbox 608 2821 811 2871; x_wconf 85' lang='lat' dir='ltr'>Oxonie</span> <span class='ocrx_word' id='word_1_76' title='bbox 888 2824 942 2872; x_wconf 87' lang='lat' dir='ltr'>in</span> 
     </span>
     <span class='ocr_line' id='line_1_25' title="bbox 329 2886 945 2950; baseline 0.005 -16"><span class='ocrx_word' id='word_1_77' title='bbox 329 2886 500 2947; x_wconf 77' lang='lat' dir='ltr'>sugam</span> <span class='ocrx_word' id='word_1_78' title='bbox 544 2902 603 2935; x_wconf 83' lang='lat' dir='ltr'>se</span> <span class='ocrx_word' id='word_1_79' title='bbox 660 2888 829 2950; x_wconf 85' lang='lat' dir='ltr'>vertit,</span> <span class='ocrx_word' id='word_1_80' title='bbox 891 2894 945 2937; x_wconf 91' lang='lat' dir='ltr'>et</span> 
     </span>
     <span class='ocr_line' id='line_1_26' title="bbox 329 2954 942 3015; baseline 0.002 -15"><span class='ocrx_word' id='word_1_81' title='bbox 329 2960 510 3013; x_wconf 82' lang='lat' dir='ltr'>castra,</span> <span class='ocrx_word' id='word_1_82' title='bbox 615 2968 715 3015; x_wconf 89' lang='lat' dir='ltr'>que</span> <span class='ocrx_word' id='word_1_83' title='bbox 827 2954 942 3015; x_wconf 88' lang='lat' dir='ltr'>ipse</span> 
     </span>
     <span class='ocr_line' id='line_1_27' title="bbox 329 3016 941 3082; baseline 0.007 -17"><span class='ocrx_word' id='word_1_84' title='bbox 329 3016 522 3066; x_wconf 82' lang='lat' dir='ltr'>familie</span> <span class='ocrx_word' id='word_1_85' title='bbox 548 3032 641 3067; x_wconf 79' lang='lat' dir='ltr'>sue</span> <span class='ocrx_word' id='word_1_86' title='bbox 667 3034 766 3081; x_wconf 86' lang='lat' dir='ltr'>pro</span> <span class='ocrx_word' id='word_1_87' title='bbox 790 3020 941 3082; x_wconf 79' lang='lat' dir='ltr'>signo</span> 
     </span>
     <span class='ocr_line' id='line_1_28' title="bbox 327 3084 944 3149; baseline 0.003 -17"><span class='ocrx_word' id='word_1_88' title='bbox 327 3084 577 3145; x_wconf 80' lang='lat' dir='ltr'>gestanda</span> <span class='ocrx_word' id='word_1_89' title='bbox 622 3084 944 3149; x_wconf 76' lang='lat' dir='ltr'>attribuerat,</span> 
     </span>
     <span class='ocr_line' id='line_1_29' title="bbox 328 3150 942 3212; baseline 0.005 -15"><span class='ocrx_word' id='word_1_90' title='bbox 328 3150 393 3197; x_wconf 80' lang='lat' dir='ltr'>ad</span> <span class='ocrx_word' id='word_1_91' title='bbox 421 3156 608 3198; x_wconf 82' lang='lat' dir='ltr'>terram</span> <span class='ocrx_word' id='word_1_92' title='bbox 641 3150 839 3212; x_wconf 82' lang='lat' dir='ltr'>absque</span> <span class='ocrx_word' id='word_1_93' title='bbox 862 3166 942 3200; x_wconf 90' lang='lat' dir='ltr'>re-</span> 
     </span>
     <span class='ocr_line' id='line_1_30' title="bbox 327 3213 942 3279; baseline 0.007 -17"><span class='ocrx_word' id='word_1_94' title='bbox 327 3213 582 3263; x_wconf 84' lang='lat' dir='ltr'>leuamine</span> <span class='ocrx_word' id='word_1_95' title='bbox 595 3215 819 3265; x_wconf 83' lang='lat' dir='ltr'>finaliter</span> <span class='ocrx_word' id='word_1_96' title='bbox 825 3232 942 3279; x_wconf 85' lang='lat' dir='ltr'>pro·</span> 
     </span>
     <span class='ocr_line' id='line_1_31' title="bbox 328 3280 944 3331; baseline 0.006 -4"><span class='ocrx_word' id='word_1_97' title='bbox 328 3280 460 3328; x_wconf 87' lang='lat' dir='ltr'>iecta</span> <span class='ocrx_word' id='word_1_98' title='bbox 503 3288 638 3330; x_wconf 83' lang='lat' dir='ltr'>sunt.</span> <span class='ocrx_word' id='word_1_99' title='bbox 711 3280 844 3331; x_wconf 84' lang='lat' dir='ltr'>Nam</span> <span class='ocrx_word' id='word_1_100' title='bbox 889 3290 944 3331; x_wconf 93' lang='lat' dir='ltr'>et</span> 
     </span>
     <span class='ocr_line' id='line_1_32' title="bbox 328 3345 939 3407; baseline 0.007 -15"><span class='ocrx_word' id='word_1_101' title='bbox 328 3345 442 3405; x_wconf 87' lang='lat' dir='ltr'>ipse</span> <span class='ocrx_word' id='word_1_102' title='bbox 469 3345 676 3407; x_wconf 89' lang='lat' dir='ltr'>Comes,</span> <span class='ocrx_word' id='word_1_103' title='bbox 706 3354 763 3395; x_wconf 87' lang='lat' dir='ltr'>vt</span> <span class='ocrx_word' id='word_1_104' title='bbox 793 3362 939 3396; x_wconf 88' lang='lat' dir='ltr'>secu-</span> 
     </span>
     <span class='ocr_line' id='line_1_33' title="bbox 328 3410 940 3462; baseline 0.005 -5"><span class='ocrx_word' id='word_1_105' title='bbox 328 3410 450 3457; x_wconf 86' lang='lat' dir='ltr'>riori</span> <span class='ocrx_word' id='word_1_106' title='bbox 481 3411 635 3460; x_wconf 86' lang='lat' dir='ltr'>modo</span> <span class='ocrx_word' id='word_1_107' title='bbox 658 3412 810 3461; x_wconf 87' lang='lat' dir='ltr'>vitam</span> <span class='ocrx_word' id='word_1_108' title='bbox 834 3427 940 3462; x_wconf 89' lang='lat' dir='ltr'>ser-</span> 
     </span>
     <span class='ocr_line' id='line_1_34' title="bbox 331 3476 943 3539; baseline 0.01 -17"><span class='ocrx_word' id='word_1_109' title='bbox 331 3482 494 3535; x_wconf 84' lang='lat' dir='ltr'>uaret,</span> <span class='ocrx_word' id='word_1_110' title='bbox 529 3476 779 3539; x_wconf 80' lang='lat' dir='ltr'>profugus</span> <span class='ocrx_word' id='word_1_111' title='bbox 809 3478 943 3529; x_wconf 82' lang='lat' dir='ltr'>vltra</span> 
     </span>
     <span class='ocr_line' id='line_1_35' title="bbox 328 3542 940 3605; baseline 0.01 -16"><span class='ocrx_word' id='word_1_112' title='bbox 328 3554 470 3590; x_wconf 86' lang='lat' dir='ltr'>mare</span> <span class='ocrx_word' id='word_1_113' title='bbox 495 3542 701 3605; x_wconf 78' lang='lat' dir='ltr'>nauigio</span> <span class='ocrx_word' id='word_1_114' title='bbox 725 3544 940 3596; x_wconf 80' lang='lat' dir='ltr'>transiit.</span> 
     </span>
    </p>
   </div>
   <div class='ocr_carea' id='block_1_7' title="bbox 969 4348 1798 4476">
    <p class='ocr_par' dir='ltr' id='par_1_7' title="bbox 969 4348 1798 4476">
     <span class='ocr_line' id='line_1_36' title="bbox 1033 4348 1798 4413; baseline 0.009 -17"><span class='ocrx_word' id='word_1_115' title='bbox 1033 4348 1100 4410; x_wconf 88' lang='lat'>69</span> <span class='ocrx_word' id='word_1_116' title='bbox 1121 4354 1268 4411; x_wconf 83' lang='lat' dir='ltr'>parte</span> <span class='ocrx_word' id='word_1_117' title='bbox 1289 4348 1468 4399; x_wconf 69' lang='lat' dir='ltr'>clins</span> <span class='ocrx_word' id='word_1_118' title='bbox 1535 4366 1688 4413; x_wconf 87' lang='lat' dir='ltr'>parce</span> <span class='ocrx_word' id='word_1_119' title='bbox 1708 4350 1798 4403; x_wconf 89' lang='lat' dir='ltr'>SG</span> 
     </span>
     <span class='ocr_line' id='line_1_37' title="bbox 969 4424 1142 4476; baseline -0.012 -1"><span class='ocrx_word' id='word_1_120' title='bbox 969 4424 1142 4476; x_wconf 71' lang='lat' dir='ltr'>CGH³</span> 
     </span>
    </p>
   </div>
   <div class='ocr_carea' id='block_1_8' title="bbox 1553 442 2608 511">
    <p class='ocr_par' dir='ltr' id='par_1_8' title="bbox 1553 442 2608 511">
     <span class='ocr_line' id='line_1_38' title="bbox 1553 442 2608 511; baseline -0.003 0"><span class='ocrx_word' id='word_1_121' title='bbox 1553 442 1974 511; x_wconf 91' lang='lat' dir='ltr'>CRONICA</span> <span class='ocrx_word' id='word_1_122' title='bbox 2028 444 2608 509; x_wconf 86' lang='lat' dir='ltr'>TRIPERTITA</span> 
     </span>
    </p>
   </div>
   <div class='ocr_carea' id='block_1_9' title="bbox 1128 603 2941 3223">
    <p class='ocr_par' dir='ltr' id='par_1_9' title="bbox 1136 603 2785 974">
     <span class='ocr_line' id='line_1_39' title="bbox 1136 603 2785 682; baseline -0.001 -17"><span class='ocrx_word' id='word_1_123' title='bbox 1136 604 1318 665; x_wconf 90' lang='lat' dir='ltr'>Troia</span> <span class='ocrx_word' id='word_1_124' title='bbox 1357 604 1468 664; x_wconf 83' lang='lat' dir='ltr'>fuit</span> <span class='ocrx_word' id='word_1_125' title='bbox 1508 605 1712 681; x_wconf 89' lang='lat' dir='ltr'>prima,</span> <span class='ocrx_word' id='word_1_126' title='bbox 1758 622 1865 681; x_wconf 91' lang='lat' dir='ltr'>per</span> <span class='ocrx_word' id='word_1_127' title='bbox 1904 620 2086 680; x_wconf 90' lang='lat' dir='ltr'>quem</span> <span class='ocrx_word' id='word_1_128' title='bbox 2126 603 2217 663; x_wconf 91' lang='lat' dir='ltr'>sol</span> <span class='ocrx_word' id='word_1_129' title='bbox 2258 603 2451 663; x_wconf 89' lang='lat' dir='ltr'>tendit</span> <span class='ocrx_word' id='word_1_130' title='bbox 2491 604 2570 664; x_wconf 89' lang='lat' dir='ltr'>ad</span> <span class='ocrx_word' id='word_1_131' title='bbox 2610 624 2785 682; x_wconf 87' lang='lat' dir='ltr'>yma;</span> 
     </span>
     <span class='ocr_line' id='line_1_40' title="bbox 1139 700 2743 779; baseline 0 -17"><span class='ocrx_word' id='word_1_132' title='bbox 1139 702 1328 762; x_wconf 90' lang='lat' dir='ltr'>Pallet</span> <span class='ocrx_word' id='word_1_133' title='bbox 1369 702 1431 761; x_wconf 90' lang='lat' dir='ltr'>in</span> <span class='ocrx_word' id='word_1_134' title='bbox 1473 702 1681 779; x_wconf 86' lang='lat' dir='ltr'>eclipsi</span> <span class='ocrx_word' id='word_1_135' title='bbox 1722 701 1997 778; x_wconf 80' lang='lat' dir='ltr'>populuS,</span> <span class='ocrx_word' id='word_1_136' title='bbox 2042 700 2184 777; x_wconf 92' lang='lat' dir='ltr'>quia</span> <span class='ocrx_word' id='word_1_137' title='bbox 2224 719 2349 761; x_wconf 91' lang='lat' dir='ltr'>non</span> <span class='ocrx_word' id='word_1_138' title='bbox 2392 700 2555 761; x_wconf 84' lang='lat' dir='ltr'>fauet</span> <span class='ocrx_word' id='word_1_139' title='bbox 2596 704 2743 778; x_wconf 88' lang='lat' dir='ltr'>ipsi:</span> 
     </span>
     <span class='ocr_line' id='line_1_41' title="bbox 1140 797 2661 872; baseline 0 -12"><span class='ocrx_word' id='word_1_140' title='bbox 1140 800 1458 861; x_wconf 87' lang='lat' dir='ltr'>Obsistunt</span> <span class='ocrx_word' id='word_1_141' title='bbox 1499 798 1671 859; x_wconf 89' lang='lat' dir='ltr'>turbe</span> <span class='ocrx_word' id='word_1_142' title='bbox 1712 797 1942 872; x_wconf 92' lang='lat' dir='ltr'>Pheb0,</span> <span class='ocrx_word' id='word_1_143' title='bbox 1988 816 2064 859; x_wconf 88' lang='lat' dir='ltr'>ne</span> <span class='ocrx_word' id='word_1_144' title='bbox 2104 799 2355 858; x_wconf 83' lang='lat' dir='ltr'>scandat</span> <span class='ocrx_word' id='word_1_145' title='bbox 2396 800 2458 858; x_wconf 91' lang='lat' dir='ltr'>in</span> <span class='ocrx_word' id='word_1_146' title='bbox 2500 799 2661 872; x_wconf 87' lang='lat' dir='ltr'>vrbe,</span> 
     </span>
     <span class='ocr_line' id='line_1_42' title="bbox 1142 894 2539 974; baseline 0 -17"><span class='ocrx_word' id='word_1_147' title='bbox 1142 898 1427 974; x_wconf 89' lang='lat' dir='ltr'>Dumque</span> <span class='ocrx_word' id='word_1_148' title='bbox 1467 897 1590 957; x_wconf 90' lang='lat' dir='ltr'>suis</span> <span class='ocrx_word' id='word_1_149' title='bbox 1631 898 1741 956; x_wconf 90' lang='lat' dir='ltr'>alis</span> <span class='ocrx_word' id='word_1_150' title='bbox 1782 896 2009 973; x_wconf 88' lang='lat' dir='ltr'>Cignus</span> <span class='ocrx_word' id='word_1_151' title='bbox 2050 894 2161 956; x_wconf 82' lang='lat' dir='ltr'>fuit</span> <span class='ocrx_word' id='word_1_152' title='bbox 2202 897 2539 973; x_wconf 86' lang='lat' dir='ltr'>imperialis.</span> 
     </span>
    </p>

    <p class='ocr_par' dir='ltr' id='par_1_10' title="bbox 1129 992 2863 1266">
     <span class='ocr_line' id='line_1_43' title="bbox 1221 992 2863 1071; baseline -0.001 -17"><span class='ocrx_word' id='word_1_153' title='bbox 1221 996 1404 1055; x_wconf 84' lang='lat' dir='ltr'>Fraus</span> <span class='ocrx_word' id='word_1_154' title='bbox 1445 1006 1648 1055; x_wconf 89' lang='lat' dir='ltr'>tamen</span> <span class='ocrx_word' id='word_1_155' title='bbox 1689 994 1964 1071; x_wconf 89' lang='lat' dir='ltr'>obliquas</span> <span class='ocrx_word' id='word_1_156' title='bbox 2008 992 2199 1055; x_wconf 88' lang='lat' dir='ltr'>nubes</span> <span class='ocrx_word' id='word_1_157' title='bbox 2241 996 2571 1055; x_wconf 91' lang='lat' dir='ltr'>commouit</span> <span class='ocrx_word' id='word_1_158' title='bbox 2612 994 2863 1071; x_wconf 88' lang='lat' dir='ltr'>iniquas,</span> 
     </span>
     <span class='ocr_line' id='line_1_44' title="bbox 1137 1090 2704 1169; baseline -0.001 -16"><span class='ocrx_word' id='word_1_159' title='bbox 1137 1094 1354 1154; x_wconf 91' lang='lat' dir='ltr'>Extera</span> <span class='ocrx_word' id='word_1_160' title='bbox 1393 1094 1540 1154; x_wconf 89' lang='lat' dir='ltr'>dum</span> <span class='ocrx_word' id='word_1_161' title='bbox 1583 1093 1761 1152; x_wconf 90' lang='lat' dir='ltr'>rebus</span> <span class='ocrx_word' id='word_1_162' title='bbox 1802 1092 2117 1169; x_wconf 89' lang='lat' dir='ltr'>temptauit</span> <span class='ocrx_word' id='word_1_163' title='bbox 2156 1093 2385 1152; x_wconf 88' lang='lat' dir='ltr'>lumina</span> <span class='ocrx_word' id='word_1_164' title='bbox 2426 1090 2704 1153; x_wconf 90' lang='lat' dir='ltr'>Phebus:</span> 
     </span>
     <span class='ocr_line' id='line_1_45' title="bbox 1129 1190 2609 1266; baseline -0.002 -14"><span class='ocrx_word' id='word_1_165' title='bbox 1129 1190 1363 1252; x_wconf 87' lang='lat' dir='ltr'>Cestria</span> <span class='ocrx_word' id='word_1_166' title='bbox 1404 1190 1664 1263; x_wconf 89' lang='lat' dir='ltr'>surrexit,</span> <span class='ocrx_word' id='word_1_167' title='bbox 1710 1190 1875 1265; x_wconf 84' lang='lat' dir='ltr'>Aper</span> <span class='ocrx_word' id='word_1_168' title='bbox 1913 1190 1976 1248; x_wconf 90' lang='lat' dir='ltr'>in</span> <span class='ocrx_word' id='word_1_169' title='bbox 2017 1207 2137 1266; x_wconf 91' lang='lat' dir='ltr'>qua</span> <span class='ocrx_word' id='word_1_170' title='bbox 2176 1190 2403 1249; x_wconf 89' lang='lat' dir='ltr'>lumina</span> <span class='ocrx_word' id='word_1_171' title='bbox 2444 1190 2609 1264; x_wconf 85' lang='lat' dir='ltr'>rexit,</span> 
     </span>
    </p>

    <p class='ocr_par' dir='ltr' id='par_1_11' title="bbox 1135 1287 2444 1367">
     <span class='ocr_line' id='line_1_46' title="bbox 1135 1287 2444 1367; baseline 0 -20"><span class='ocrx_word' id='word_1_172' title='bbox 1135 1290 1318 1367; x_wconf 87' lang='lat' dir='ltr'>Regis</span> <span class='ocrx_word' id='word_1_173' title='bbox 1360 1288 1635 1350; x_wconf 84' lang='lat' dir='ltr'>vexillum</span> <span class='ocrx_word' id='word_1_174' title='bbox 1679 1288 1841 1347; x_wconf 89' lang='lat' dir='ltr'>fatue</span> <span class='ocrx_word' id='word_1_175' title='bbox 1882 1287 2217 1365; x_wconf 85' lang='lat' dir='ltr'>signauerat</span> <span class='ocrx_word' id='word_1_176' title='bbox 2258 1288 2444 1347; x_wconf 89' lang='lat' dir='ltr'>illum.</span> 
     </span>
    </p>

    <p class='ocr_par' dir='ltr' id='par_1_12' title="bbox 1134 1384 2539 1462">
     <span class='ocr_line' id='line_1_47' title="bbox 1134 1384 2539 1462; baseline -0.002 -17"><span class='ocrx_word' id='word_1_177' title='bbox 1134 1385 1239 1445; x_wconf 92' lang='lat' dir='ltr'>Set</span> <span class='ocrx_word' id='word_1_178' title='bbox 1279 1385 1643 1462; x_wconf 89' lang='lat' dir='ltr'>conspiranti</span> <span class='ocrx_word' id='word_1_179' title='bbox 1685 1385 1835 1445; x_wconf 88' lang='lat' dir='ltr'>deus</span> <span class='ocrx_word' id='word_1_180' title='bbox 1878 1384 2077 1445; x_wconf 85' lang='lat' dir='ltr'>obstat</span> <span class='ocrx_word' id='word_1_181' title='bbox 2116 1395 2177 1445; x_wconf 90' lang='lat' dir='ltr'>et</span> <span class='ocrx_word' id='word_1_182' title='bbox 2218 1385 2539 1459; x_wconf 86' lang='lat' dir='ltr'>insidianti,</span> 
     </span>
    </p>

    <p class='ocr_par' dir='ltr' id='par_1_13' title="bbox 1137 1480 2529 1557">
     <span class='ocr_line' id='line_1_48' title="bbox 1137 1480 2529 1557; baseline 0 -16"><span class='ocrx_word' id='word_1_183' title='bbox 1137 1483 1280 1557; x_wconf 92' lang='lat' dir='ltr'>Quo</span> <span class='ocrx_word' id='word_1_184' title='bbox 1321 1483 1496 1543; x_wconf 91' lang='lat' dir='ltr'>dolus</span> <span class='ocrx_word' id='word_1_185' title='bbox 1537 1500 1751 1542; x_wconf 86' lang='lat' dir='ltr'>exosos</span> <span class='ocrx_word' id='word_1_186' title='bbox 1793 1480 2048 1541; x_wconf 89' lang='lat' dir='ltr'>inuoluit</span> <span class='ocrx_word' id='word_1_187' title='bbox 2089 1482 2208 1541; x_wconf 86' lang='lat' dir='ltr'>fine</span> <span class='ocrx_word' id='word_1_188' title='bbox 2249 1482 2529 1542; x_wconf 78' lang='lat' dir='ltr'>dolosos:</span> 
     </span>
    </p>

    <p class='ocr_par' dir='ltr' id='par_1_14' title="bbox 1135 1579 2448 1658">
     <span class='ocr_line' id='line_1_49' title="bbox 1135 1579 2448 1658; baseline -0.001 -19"><span class='ocrx_word' id='word_1_189' title='bbox 1135 1580 1376 1640; x_wconf 91' lang='lat' dir='ltr'>Auxilio</span> <span class='ocrx_word' id='word_1_190' title='bbox 1415 1579 1608 1655; x_wconf 88' lang='lat' dir='ltr'>Cigni,</span> <span class='ocrx_word' id='word_1_191' title='bbox 1653 1580 1810 1658; x_wconf 86' lang='lat' dir='ltr'>regis</span> <span class='ocrx_word' id='word_1_192' title='bbox 1851 1598 1959 1656; x_wconf 92' lang='lat' dir='ltr'>pro</span> <span class='ocrx_word' id='word_1_193' title='bbox 2000 1590 2166 1657; x_wconf 87' lang='lat' dir='ltr'>parte</span> <span class='ocrx_word' id='word_1_194' title='bbox 2207 1580 2448 1657; x_wconf 86' lang='lat' dir='ltr'>maligni</span> 
     </span>
    </p>

    <p class='ocr_par' dir='ltr' id='par_1_15' title="bbox 1136 1676 2461 1754">
     <span class='ocr_line' id='line_1_50' title="bbox 1136 1676 2461 1754; baseline -0.001 -17"><span class='ocrx_word' id='word_1_195' title='bbox 1136 1677 1198 1737; x_wconf 91' lang='lat' dir='ltr'>Si</span> <span class='ocrx_word' id='word_1_196' title='bbox 1241 1676 1328 1736; x_wconf 86' lang='lat' dir='ltr'>vis</span> <span class='ocrx_word' id='word_1_197' title='bbox 1369 1686 1661 1754; x_wconf 88' lang='lat' dir='ltr'>queratur,</span> <span class='ocrx_word' id='word_1_198' title='bbox 1705 1678 1999 1737; x_wconf 86' lang='lat' dir='ltr'>contraria</span> <span class='ocrx_word' id='word_1_199' title='bbox 2040 1679 2127 1737; x_wconf 88' lang='lat' dir='ltr'>vis</span> <span class='ocrx_word' id='word_1_200' title='bbox 2169 1688 2461 1754; x_wconf 86' lang='lat' dir='ltr'>operatur.</span> 
     </span>
    </p>

    <p class='ocr_par' dir='ltr' id='par_1_16' title="bbox 1137 1772 2941 2342">
     <span class='ocr_line' id='line_1_51' title="bbox 1137 1772 2849 1852; baseline -0.001 -17"><span class='ocrx_word' id='word_1_201' title='bbox 1137 1774 1350 1851; x_wconf 90' lang='lat' dir='ltr'>Querit</span> <span class='ocrx_word' id='word_1_202' title='bbox 1391 1776 1553 1852; x_wconf 90' lang='lat' dir='ltr'>Aper</span> <span class='ocrx_word' id='word_1_203' title='bbox 1595 1774 1864 1845; x_wconf 88' lang='lat' dir='ltr'>latebras,</span> <span class='ocrx_word' id='word_1_204' title='bbox 1910 1774 2147 1836; x_wconf 80' lang='lat' dir='ltr'>fraudes</span> <span class='ocrx_word' id='word_1_205' title='bbox 2190 1776 2514 1852; x_wconf 89' lang='lat' dir='ltr'>mortisque</span> <span class='ocrx_word' id='word_1_206' title='bbox 2554 1772 2849 1848; x_wconf 90' lang='lat' dir='ltr'>tenebras,</span> 
     </span>
     <span class='ocr_line' id='line_1_52' title="bbox 1138 1872 2608 1951; baseline 0 -19"><span class='ocrx_word' id='word_1_207' title='bbox 1138 1874 1281 1948; x_wconf 92' lang='lat' dir='ltr'>Quo</span> <span class='ocrx_word' id='word_1_208' title='bbox 1321 1892 1569 1951; x_wconf 87' lang='lat' dir='ltr'>regnum</span> <span class='ocrx_word' id='word_1_209' title='bbox 1610 1874 1797 1949; x_wconf 87' lang='lat' dir='ltr'>periat</span> <span class='ocrx_word' id='word_1_210' title='bbox 1838 1874 2109 1951; x_wconf 90' lang='lat' dir='ltr'>regisque</span> <span class='ocrx_word' id='word_1_211' title='bbox 2150 1872 2428 1950; x_wconf 90' lang='lat' dir='ltr'>superbia</span> <span class='ocrx_word' id='word_1_212' title='bbox 2468 1874 2608 1948; x_wconf 85' lang='lat' dir='ltr'>fiat;</span> 
     </span>
     <span class='ocr_line' id='line_1_53' title="bbox 1137 1971 2845 2049; baseline 0.001 -19"><span class='ocrx_word' id='word_1_213' title='bbox 1137 1971 1363 2049; x_wconf 90' lang='lat' dir='ltr'>Cignus</span> <span class='ocrx_word' id='word_1_214' title='bbox 1404 1981 1464 2031; x_wconf 90' lang='lat' dir='ltr'>et</span> <span class='ocrx_word' id='word_1_215' title='bbox 1505 1989 1781 2047; x_wconf 88' lang='lat' dir='ltr'>expresse</span> <span class='ocrx_word' id='word_1_216' title='bbox 1822 1990 1999 2049; x_wconf 91' lang='lat' dir='ltr'>super</span> <span class='ocrx_word' id='word_1_217' title='bbox 2039 1972 2151 2031; x_wconf 90' lang='lat' dir='ltr'>hiis</span> <span class='ocrx_word' id='word_1_218' title='bbox 2186 1990 2307 2049; x_wconf 91' lang='lat' dir='ltr'>que</span> <span class='ocrx_word' id='word_1_219' title='bbox 2346 1972 2533 2032; x_wconf 89' lang='lat' dir='ltr'>cernit</span> <span class='ocrx_word' id='word_1_220' title='bbox 2573 1971 2785 2031; x_wconf 66' lang='lat' dir='ltr'>adesse</span> <span class='ocrx_word' id='word_1_221' title='bbox 2838 2032 2845 2038; x_wconf 81' lang='grc'><em>,</em></span> 
     </span>
     <span class='ocr_line' id='line_1_54' title="bbox 1137 2067 2676 2147; baseline 0.001 -20"><span class='ocrx_word' id='word_1_222' title='bbox 1137 2067 1436 2139; x_wconf 89' lang='lat' dir='ltr'>Prouidet,</span> <span class='ocrx_word' id='word_1_223' title='bbox 1481 2078 1542 2129; x_wconf 93' lang='lat' dir='ltr'>et</span> <span class='ocrx_word' id='word_1_224' title='bbox 1581 2088 1785 2128; x_wconf 88' lang='lat' dir='ltr'>curam</span> <span class='ocrx_word' id='word_1_225' title='bbox 1826 2070 1989 2147; x_wconf 89' lang='lat' dir='ltr'>regni</span> <span class='ocrx_word' id='word_1_226' title='bbox 2030 2070 2174 2128; x_wconf 92' lang='lat' dir='ltr'>colit</span> <span class='ocrx_word' id='word_1_227' title='bbox 2216 2070 2343 2147; x_wconf 89' lang='lat' dir='ltr'>ipse</span> <span class='ocrx_word' id='word_1_228' title='bbox 2383 2069 2676 2129; x_wconf 88' lang='lat' dir='ltr'>futuram:</span> 
     </span>
     <span class='ocr_line' id='line_1_55' title="bbox 1139 2166 2820 2244; baseline 0.002 -21"><span class='ocrx_word' id='word_1_229' title='bbox 1139 2166 1322 2226; x_wconf 89' lang='lat' dir='ltr'>Ducit</span> <span class='ocrx_word' id='word_1_230' title='bbox 1364 2167 1526 2242; x_wconf 90' lang='lat' dir='ltr'>Aper</span> <span class='ocrx_word' id='word_1_231' title='bbox 1566 2177 1791 2244; x_wconf 76' lang='lat' dir='ltr'>genteS,</span> <span class='ocrx_word' id='word_1_232' title='bbox 1836 2186 1985 2244; x_wconf 91' lang='lat' dir='ltr'>quas</span> <span class='ocrx_word' id='word_1_233' title='bbox 2026 2168 2287 2227; x_wconf 91' lang='lat' dir='ltr'>concitat</span> <span class='ocrx_word' id='word_1_234' title='bbox 2328 2186 2491 2226; x_wconf 88' lang='lat' dir='ltr'>arma</span> <span class='ocrx_word' id='word_1_235' title='bbox 2530 2176 2820 2243; x_wconf 78' lang='lat' dir='ltr'>gerenteS,</span> 
     </span>
     <span class='ocr_line' id='line_1_56' title="bbox 1137 2262 2941 2342; baseline 0 -19"><span class='ocrx_word' id='word_1_236' title='bbox 1137 2263 1317 2323; x_wconf 89' lang='lat' dir='ltr'>Liber</span> <span class='ocrx_word' id='word_1_237' title='bbox 1355 2274 1418 2322; x_wconf 89' lang='lat' dir='ltr'>vt</span> <span class='ocrx_word' id='word_1_238' title='bbox 1459 2262 1572 2323; x_wconf 92' lang='lat' dir='ltr'>hiis</span> <span class='ocrx_word' id='word_1_239' title='bbox 1614 2276 1817 2342; x_wconf 87' lang='lat' dir='ltr'>pergat</span> <span class='ocrx_word' id='word_1_240' title='bbox 1860 2282 2255 2341; x_wconf 88' lang='lat' dir='ltr'>proceresque</span> <span class='ocrx_word' id='word_1_241' title='bbox 2295 2282 2402 2341; x_wconf 92' lang='lat' dir='ltr'>per</span> <span class='ocrx_word' id='word_1_242' title='bbox 2442 2264 2648 2324; x_wconf 90' lang='lat' dir='ltr'>omnia</span> <span class='ocrx_word' id='word_1_243' title='bbox 2686 2276 2941 2341; x_wconf 82' lang='lat' dir='ltr'>spergat.</span> 
     </span>
    </p>

    <p class='ocr_par' dir='ltr' id='par_1_17' title="bbox 1128 2360 2846 3223">
     <span class='ocr_line' id='line_1_57' title="bbox 1213 2360 2783 2438; baseline -0.001 -16"><span class='ocrx_word' id='word_1_244' title='bbox 1213 2361 1442 2438; x_wconf 88' lang='lat' dir='ltr'>Cignus</span> <span class='ocrx_word' id='word_1_245' title='bbox 1485 2372 1542 2420; x_wconf 88' lang='lat' dir='ltr'>vt</span> <span class='ocrx_word' id='word_1_246' title='bbox 1584 2362 1700 2421; x_wconf 89' lang='lat' dir='ltr'>hoc</span> <span class='ocrx_word' id='word_1_247' title='bbox 1744 2360 1931 2435; x_wconf 91' lang='lat' dir='ltr'>sciuit,</span> <span class='ocrx_word' id='word_1_248' title='bbox 1978 2360 2353 2423; x_wconf 88' lang='lat' dir='ltr'>venientibus</span> <span class='ocrx_word' id='word_1_249' title='bbox 2396 2362 2617 2422; x_wconf 89' lang='lat' dir='ltr'>obuius</span> <span class='ocrx_word' id='word_1_250' title='bbox 2656 2364 2783 2435; x_wconf 89' lang='lat' dir='ltr'>iuit,</span> 
     </span>
     <span class='ocr_line' id='line_1_58' title="bbox 1135 2460 2713 2537; baseline 0.001 -19"><span class='ocrx_word' id='word_1_251' title='bbox 1135 2460 1390 2537; x_wconf 87' lang='lat' dir='ltr'>Belliger</span> <span class='ocrx_word' id='word_1_252' title='bbox 1430 2470 1489 2520; x_wconf 93' lang='lat' dir='ltr'>et</span> <span class='ocrx_word' id='word_1_253' title='bbox 1531 2469 1743 2537; x_wconf 90' lang='lat' dir='ltr'>purgat</span> <span class='ocrx_word' id='word_1_254' title='bbox 1782 2478 2047 2537; x_wconf 86' lang='lat' dir='ltr'>regnum,</span> <span class='ocrx_word' id='word_1_255' title='bbox 2092 2478 2216 2537; x_wconf 91' lang='lat' dir='ltr'>quo</span> <span class='ocrx_word' id='word_1_256' title='bbox 2256 2462 2375 2520; x_wconf 89' lang='lat' dir='ltr'>vita</span> <span class='ocrx_word' id='word_1_257' title='bbox 2416 2471 2713 2537; x_wconf 86' lang='lat' dir='ltr'>resurgat:</span> 
     </span>
     <span class='ocr_line' id='line_1_59' title="bbox 1131 2556 2706 2635; baseline -0.001 -16"><span class='ocrx_word' id='word_1_258' title='bbox 1131 2557 1288 2619; x_wconf 90' lang='lat' dir='ltr'>Cum</span> <span class='ocrx_word' id='word_1_259' title='bbox 1331 2558 1538 2618; x_wconf 90' lang='lat' dir='ltr'>Venus</span> <span class='ocrx_word' id='word_1_260' title='bbox 1580 2558 1803 2635; x_wconf 85' lang='lat' dir='ltr'>incepit</span> <span class='ocrx_word' id='word_1_261' title='bbox 1844 2559 2057 2633; x_wconf 89' lang='lat' dir='ltr'>lucem,</span> <span class='ocrx_word' id='word_1_262' title='bbox 2102 2578 2229 2618; x_wconf 88' lang='lat' dir='ltr'>sors</span> <span class='ocrx_word' id='word_1_263' title='bbox 2268 2556 2426 2619; x_wconf 86' lang='lat' dir='ltr'>bella</span> <span class='ocrx_word' id='word_1_264' title='bbox 2468 2557 2706 2635; x_wconf 87' lang='lat' dir='ltr'>recepit.</span> 
     </span>
     <span class='ocr_line' id='line_1_60' title="bbox 1133 2654 2769 2732; baseline 0 -17"><span class='ocrx_word' id='word_1_265' title='bbox 1133 2656 1262 2715; x_wconf 86' lang='lat' dir='ltr'>Stat</span> <span class='ocrx_word' id='word_1_266' title='bbox 1303 2655 1470 2715; x_wconf 89' lang='lat' dir='ltr'>Tetis</span> <span class='ocrx_word' id='word_1_267' title='bbox 1511 2674 1548 2714; x_wconf 93' lang='lat' dir='ltr'>a</span> <span class='ocrx_word' id='word_1_268' title='bbox 1588 2666 1771 2732; x_wconf 89' lang='lat' dir='ltr'>parte,</span> <span class='ocrx_word' id='word_1_269' title='bbox 1814 2656 2031 2717; x_wconf 89' lang='lat' dir='ltr'>cecidit</span> <span class='ocrx_word' id='word_1_270' title='bbox 2073 2657 2219 2717; x_wconf 91' lang='lat' dir='ltr'>dum</span> <span class='ocrx_word' id='word_1_271' title='bbox 2264 2654 2492 2718; x_wconf 82' lang='lat' dir='ltr'>Cestria</span> <span class='ocrx_word' id='word_1_272' title='bbox 2536 2658 2730 2716; x_wconf 83' lang='lat' dir='ltr'>Marte</span> <span class='ocrx_word' id='word_1_273' title='bbox 2748 2678 2769 2730; x_wconf 67' lang='grc' dir='ltr'><strong><em>ς</em></strong></span> 
     </span>
     <span class='ocr_line' id='line_1_61' title="bbox 1130 2752 2698 2831; baseline 0.002 -20"><span class='ocrx_word' id='word_1_274' title='bbox 1130 2752 1438 2811; x_wconf 88' lang='lat' dir='ltr'>Thamisie</span> <span class='ocrx_word' id='word_1_275' title='bbox 1479 2753 1692 2811; x_wconf 86' lang='lat' dir='ltr'>fluctus</span> <span class='ocrx_word' id='word_1_276' title='bbox 1734 2752 1979 2830; x_wconf 91' lang='lat' dir='ltr'>capiunt</span> <span class='ocrx_word' id='word_1_277' title='bbox 2018 2754 2097 2815; x_wconf 90' lang='lat' dir='ltr'>de</span> <span class='ocrx_word' id='word_1_278' title='bbox 2138 2752 2424 2831; x_wconf 89' lang='lat' dir='ltr'>sanguine</span> <span class='ocrx_word' id='word_1_279' title='bbox 2464 2753 2698 2814; x_wconf 89' lang='lat' dir='ltr'>luctus:</span> 
     </span>
     <span class='ocr_line' id='line_1_62' title="bbox 1128 2850 2680 2929; baseline 0.002 -22"><span class='ocrx_word' id='word_1_280' title='bbox 1128 2850 1290 2908; x_wconf 91' lang='lat' dir='ltr'>Vicit</span> <span class='ocrx_word' id='word_1_281' title='bbox 1331 2850 1482 2912; x_wconf 90' lang='lat' dir='ltr'>Olor</span> <span class='ocrx_word' id='word_1_282' title='bbox 1521 2851 1757 2927; x_wconf 89' lang='lat' dir='ltr'>pennis,</span> <span class='ocrx_word' id='word_1_283' title='bbox 1803 2850 1877 2910; x_wconf 91' lang='lat' dir='ltr'>sit</span> <span class='ocrx_word' id='word_1_284' title='bbox 1918 2852 1973 2910; x_wconf 90' lang='lat' dir='ltr'>ei</span> <span class='ocrx_word' id='word_1_285' title='bbox 2016 2869 2140 2929; x_wconf 90' lang='lat' dir='ltr'>quo</span> <span class='ocrx_word' id='word_1_286' title='bbox 2179 2853 2303 2911; x_wconf 86' lang='lat' dir='ltr'>vita</span> <span class='ocrx_word' id='word_1_287' title='bbox 2341 2850 2680 2927; x_wconf 77' lang='lat' dir='ltr'>perhennis,</span> 
     </span>
     <span class='ocr_line' id='line_1_63' title="bbox 1129 2947 2643 3025; baseline 0.002 -20"><span class='ocrx_word' id='word_1_288' title='bbox 1129 2947 1306 3006; x_wconf 87' lang='lat' dir='ltr'>Tunc</span> <span class='ocrx_word' id='word_1_289' title='bbox 1345 2949 1508 3024; x_wconf 88' lang='lat' dir='ltr'>Aper</span> <span class='ocrx_word' id='word_1_290' title='bbox 1549 2948 1788 3009; x_wconf 91' lang='lat' dir='ltr'>Oxonie</span> <span class='ocrx_word' id='word_1_291' title='bbox 1828 2950 2047 3010; x_wconf 89' lang='lat' dir='ltr'>cecidit</span> <span class='ocrx_word' id='word_1_292' title='bbox 2088 2949 2168 3009; x_wconf 91' lang='lat' dir='ltr'>de</span> <span class='ocrx_word' id='word_1_293' title='bbox 2206 2949 2353 3009; x_wconf 87' lang='lat' dir='ltr'>sede</span> <span class='ocrx_word' id='word_1_294' title='bbox 2394 2948 2643 3025; x_wconf 83' lang='lat' dir='ltr'>sophie3</span> 
     </span>
     <span class='ocr_line' id='line_1_64' title="bbox 1131 3044 2846 3123; baseline 0 -18"><span class='ocrx_word' id='word_1_295' title='bbox 1131 3044 1290 3105; x_wconf 90' lang='lat' dir='ltr'>Cum</span> <span class='ocrx_word' id='word_1_296' title='bbox 1326 3060 1512 3123; x_wconf 91' lang='lat' dir='ltr'>prope</span> <span class='ocrx_word' id='word_1_297' title='bbox 1553 3058 1666 3106; x_wconf 87' lang='lat' dir='ltr'>stat</span> <span class='ocrx_word' id='word_1_298' title='bbox 1706 3048 1926 3120; x_wconf 85' lang='lat' dir='ltr'>villam,</span> <span class='ocrx_word' id='word_1_299' title='bbox 1970 3047 2351 3107; x_wconf 85' lang='lat' dir='ltr'>maledixerat</span> <span class='ocrx_word' id='word_1_300' title='bbox 2392 3048 2609 3123; x_wconf 91' lang='lat' dir='ltr'>impius</span> <span class='ocrx_word' id='word_1_301' title='bbox 2650 3047 2846 3106; x_wconf 87' lang='lat' dir='ltr'>illam:</span> 
     </span>
     <span class='ocr_line' id='line_1_65' title="bbox 1131 3142 2835 3223; baseline 0.001 -22"><span class='ocrx_word' id='word_1_302' title='bbox 1131 3142 1274 3201; x_wconf 92' lang='lat' dir='ltr'>Non</span> <span class='ocrx_word' id='word_1_303' title='bbox 1314 3142 1399 3202; x_wconf 92' lang='lat' dir='ltr'>ibi</span> <span class='ocrx_word' id='word_1_304' title='bbox 1441 3146 1765 3220; x_wconf 87' lang='lat' dir='ltr'>permansit</span> <span class='ocrx_word' id='word_1_305' title='bbox 1806 3146 2037 3223; x_wconf 79' lang='lat' dir='ltr'>fugiens</span> <span class='ocrx_word' id='word_1_306' title='bbox 2079 3155 2170 3205; x_wconf 89' lang='lat' dir='ltr'>set</span> <span class='ocrx_word' id='word_1_307' title='bbox 2210 3146 2375 3221; x_wconf 90' lang='lat' dir='ltr'>Aper</span> <span class='ocrx_word' id='word_1_308' title='bbox 2412 3145 2567 3205; x_wconf 82' lang='lat' dir='ltr'>vada</span> <span class='ocrx_word' id='word_1_309' title='bbox 2606 3145 2835 3219; x_wconf 89' lang='lat' dir='ltr'>transit,</span> 
     </span>
    </p>
   </div>
   <div class='ocr_carea' id='block_1_10' title="bbox 1085 3239 2614 3469">
    <p class='ocr_par' dir='ltr' id='par_1_18' title="bbox 1085 3239 2614 3469">
     <span class='ocr_line' id='line_1_66' title="bbox 1097 3239 2401 3317; baseline 0.002 -18"><span class='ocrx_word' id='word_1_310' title='bbox 1097 3239 1539 3317; x_wconf 42' lang='lat' dir='ltr'>&#39;Infortunatus</span> <span class='ocrx_word' id='word_1_311' title='bbox 1581 3242 1648 3302; x_wconf 86' lang='lat' dir='ltr'>fit</span> <span class='ocrx_word' id='word_1_312' title='bbox 1688 3241 1772 3302; x_wconf 89' lang='lat' dir='ltr'>ibi</span> <span class='ocrx_word' id='word_1_313' title='bbox 1815 3243 1894 3303; x_wconf 92' lang='lat' dir='ltr'>de</span> <span class='ocrx_word' id='word_1_314' title='bbox 1934 3243 2101 3303; x_wconf 89' lang='lat' dir='ltr'>fonte</span> <span class='ocrx_word' id='word_1_315' title='bbox 2141 3252 2401 3303; x_wconf 90' lang='lat' dir='ltr'>renatus.</span> 
     </span>
     <span class='ocr_line' id='line_1_67' title="bbox 1085 3282 2614 3469; baseline 0.002 -72"><span class='ocrx_word' id='word_1_316' title='bbox 1085 3282 1227 3469; x_wconf 46' lang='lat' dir='ltr'>xxDe</span> <span class='ocrx_word' id='word_1_317' title='bbox 1268 3340 1460 3416; x_wconf 88' lang='lat' dir='ltr'>vulpis</span> <span class='ocrx_word' id='word_1_318' title='bbox 1501 3340 1694 3399; x_wconf 89' lang='lat' dir='ltr'>cauda</span> <span class='ocrx_word' id='word_1_319' title='bbox 1735 3341 1907 3401; x_wconf 89' lang='lat' dir='ltr'>velox</span> <span class='ocrx_word' id='word_1_320' title='bbox 1949 3343 2113 3418; x_wconf 88' lang='lat' dir='ltr'>Aper</span> <span class='ocrx_word' id='word_1_321' title='bbox 2151 3351 2241 3401; x_wconf 92' lang='lat' dir='ltr'>est</span> <span class='ocrx_word' id='word_1_322' title='bbox 2281 3352 2343 3400; x_wconf 86' lang='lat' dir='ltr'>vt</span> <span class='ocrx_word' id='word_1_323' title='bbox 2383 3342 2614 3415; x_wconf 86' lang='lat' dir='ltr'>alauda,</span> 
     </span>
    </p>
   </div>
   <div class='ocr_carea' id='block_1_11' title="bbox 1131 3436 2882 4301">
    <p class='ocr_par' dir='ltr' id='par_1_19' title="bbox 1131 3436 2815 3712">
     <span class='ocr_line' id='line_1_68' title="bbox 1131 3436 2815 3515; baseline 0.001 -18"><span class='ocrx_word' id='word_1_324' title='bbox 1131 3436 1342 3497; x_wconf 87' lang='lat' dir='ltr'>Cauda</span> <span class='ocrx_word' id='word_1_325' title='bbox 1382 3438 1498 3496; x_wconf 90' lang='lat' dir='ltr'>ruit</span> <span class='ocrx_word' id='word_1_326' title='bbox 1539 3449 1745 3512; x_wconf 90' lang='lat' dir='ltr'>castra,</span> <span class='ocrx_word' id='word_1_327' title='bbox 1790 3457 1910 3515; x_wconf 90' lang='lat' dir='ltr'>que</span> <span class='ocrx_word' id='word_1_328' title='bbox 1951 3450 2090 3498; x_wconf 90' lang='lat' dir='ltr'>sunt</span> <span class='ocrx_word' id='word_1_329' title='bbox 2132 3457 2384 3499; x_wconf 90' lang='lat' dir='ltr'>numero</span> <span class='ocrx_word' id='word_1_330' title='bbox 2425 3439 2585 3499; x_wconf 89' lang='lat' dir='ltr'>velut</span> <span class='ocrx_word' id='word_1_331' title='bbox 2626 3449 2815 3499; x_wconf 85' lang='lat' dir='ltr'>astra:</span> 
     </span>
     <span class='ocr_line' id='line_1_69' title="bbox 1132 3534 2654 3613; baseline 0.001 -20"><span class='ocrx_word' id='word_1_332' title='bbox 1132 3534 1231 3594; x_wconf 91' lang='lat' dir='ltr'>Sic</span> <span class='ocrx_word' id='word_1_333' title='bbox 1271 3534 1412 3611; x_wconf 88' lang='lat' dir='ltr'>quia</span> <span class='ocrx_word' id='word_1_334' title='bbox 1451 3536 1718 3612; x_wconf 89' lang='lat' dir='ltr'>deliquit,</span> <span class='ocrx_word' id='word_1_335' title='bbox 1763 3554 1985 3596; x_wconf 89' lang='lat' dir='ltr'>vacuus</span> <span class='ocrx_word' id='word_1_336' title='bbox 2026 3556 2133 3597; x_wconf 90' lang='lat' dir='ltr'>sua</span> <span class='ocrx_word' id='word_1_337' title='bbox 2172 3548 2365 3597; x_wconf 86' lang='lat' dir='ltr'>castra</span> <span class='ocrx_word' id='word_1_338' title='bbox 2404 3537 2654 3613; x_wconf 90' lang='lat' dir='ltr'>reliquit,</span> 
     </span>
     <span class='ocr_line' id='line_1_70' title="bbox 1134 3633 2719 3712; baseline 0.002 -21"><span class='ocrx_word' id='word_1_339' title='bbox 1134 3633 1365 3709; x_wconf 87' lang='lat' dir='ltr'>Pauper</span> <span class='ocrx_word' id='word_1_340' title='bbox 1405 3642 1466 3693; x_wconf 90' lang='lat' dir='ltr'>et</span> <span class='ocrx_word' id='word_1_341' title='bbox 1505 3634 1773 3710; x_wconf 86' lang='lat' dir='ltr'>exposcit</span> <span class='ocrx_word' id='word_1_342' title='bbox 1814 3636 2068 3710; x_wconf 87' lang='lat' dir='ltr'>foueam,</span> <span class='ocrx_word' id='word_1_343' title='bbox 2112 3654 2231 3712; x_wconf 87' lang='lat' dir='ltr'>qua</span> <span class='ocrx_word' id='word_1_344' title='bbox 2272 3634 2471 3695; x_wconf 85' lang='lat' dir='ltr'>viuere</span> <span class='ocrx_word' id='word_1_345' title='bbox 2512 3635 2719 3712; x_wconf 90' lang='lat' dir='ltr'>possit.</span> 
     </span>
    </p>

    <p class='ocr_par' dir='ltr' id='par_1_20' title="bbox 1134 3728 2882 4104">
     <span class='ocr_line' id='line_1_71' title="bbox 1134 3728 2882 3810; baseline 0.001 -21"><span class='ocrx_word' id='word_1_346' title='bbox 1134 3728 1236 3791; x_wconf 90' lang='lat' dir='ltr'>Set</span> <span class='ocrx_word' id='word_1_347' title='bbox 1279 3748 1478 3807; x_wconf 91' lang='lat' dir='ltr'>neque</span> <span class='ocrx_word' id='word_1_348' title='bbox 1515 3741 1845 3791; x_wconf 85' lang='lat' dir='ltr'>castrorum</span> <span class='ocrx_word' id='word_1_349' title='bbox 1885 3732 2050 3792; x_wconf 89' lang='lat' dir='ltr'>iuuat</span> <span class='ocrx_word' id='word_1_350' title='bbox 2090 3735 2320 3810; x_wconf 89' lang='lat' dir='ltr'>Aprum</span> <span class='ocrx_word' id='word_1_351' title='bbox 2361 3752 2583 3810; x_wconf 88' lang='lat' dir='ltr'>pompa</span> <span class='ocrx_word' id='word_1_352' title='bbox 2623 3752 2882 3805; x_wconf 88' lang='lat' dir='ltr'>suorum,</span> 
     </span>
     <span class='ocr_line' id='line_1_72' title="bbox 1135 3826 2861 3908; baseline 0.001 -20"><span class='ocrx_word' id='word_1_353' title='bbox 1135 3829 1266 3889; x_wconf 91' lang='lat' dir='ltr'>Nec</span> <span class='ocrx_word' id='word_1_354' title='bbox 1307 3826 1420 3889; x_wconf 90' lang='lat' dir='ltr'>sibi</span> <span class='ocrx_word' id='word_1_355' title='bbox 1463 3831 1622 3889; x_wconf 87' lang='lat' dir='ltr'>fossa</span> <span class='ocrx_word' id='word_1_356' title='bbox 1662 3830 1851 3905; x_wconf 89' lang='lat' dir='ltr'>datur,</span> <span class='ocrx_word' id='word_1_357' title='bbox 1897 3831 2043 3891; x_wconf 92' lang='lat' dir='ltr'>dum</span> <span class='ocrx_word' id='word_1_358' title='bbox 2086 3833 2367 3908; x_wconf 87' lang='lat' dir='ltr'>profugus</span> <span class='ocrx_word' id='word_1_359' title='bbox 2409 3831 2551 3891; x_wconf 90' lang='lat' dir='ltr'>inde</span> <span class='ocrx_word' id='word_1_360' title='bbox 2591 3829 2861 3907; x_wconf 82' lang='lat' dir='ltr'>fugatur:</span> 
     </span>
     <span class='ocr_line' id='line_1_73' title="bbox 1134 3924 2761 4006; baseline 0.002 -21"><span class='ocrx_word' id='word_1_361' title='bbox 1134 3926 1275 3986; x_wconf 91' lang='lat' dir='ltr'>Hec</span> <span class='ocrx_word' id='word_1_362' title='bbox 1315 3924 1397 3985; x_wconf 90' lang='lat' dir='ltr'>ita</span> <span class='ocrx_word' id='word_1_363' title='bbox 1437 3926 1583 3986; x_wconf 91' lang='lat' dir='ltr'>dum</span> <span class='ocrx_word' id='word_1_364' title='bbox 1623 3928 1790 4002; x_wconf 86' lang='lat' dir='ltr'>vidit,</span> <span class='ocrx_word' id='word_1_365' title='bbox 1835 3930 2003 4006; x_wconf 92' lang='lat' dir='ltr'>quod</span> <span class='ocrx_word' id='word_1_366' title='bbox 2046 3947 2188 3989; x_wconf 90' lang='lat' dir='ltr'>eum</span> <span class='ocrx_word' id='word_1_367' title='bbox 2230 3929 2466 3990; x_wconf 86' lang='lat' dir='ltr'>fortuna</span> <span class='ocrx_word' id='word_1_368' title='bbox 2506 3927 2761 4003; x_wconf 89' lang='lat' dir='ltr'>rescidit,</span> 
     </span>
     <span class='ocr_line' id='line_1_74' title="bbox 1134 4025 2623 4104; baseline 0.001 -21"><span class='ocrx_word' id='word_1_369' title='bbox 1134 4025 1250 4083; x_wconf 91' lang='lat' dir='ltr'>Per</span> <span class='ocrx_word' id='word_1_370' title='bbox 1289 4042 1452 4085; x_wconf 89' lang='lat' dir='ltr'>mare</span> <span class='ocrx_word' id='word_1_371' title='bbox 1492 4026 1781 4100; x_wconf 91' lang='lat' dir='ltr'>transiuit,</span> <span class='ocrx_word' id='word_1_372' title='bbox 1826 4025 1969 4086; x_wconf 90' lang='lat' dir='ltr'>alibi</span> <span class='ocrx_word' id='word_1_373' title='bbox 2010 4045 2134 4104; x_wconf 91' lang='lat' dir='ltr'>quo</span> <span class='ocrx_word' id='word_1_374' title='bbox 2174 4026 2375 4088; x_wconf 89' lang='lat' dir='ltr'>viuere</span> <span class='ocrx_word' id='word_1_375' title='bbox 2413 4028 2623 4104; x_wconf 86' lang='lat' dir='ltr'>quiuit.</span> 
     </span>
    </p>

    <p class='ocr_par' dir='ltr' id='par_1_21' title="bbox 1131 4121 2773 4301">
     <span class='ocr_line' id='line_1_75' title="bbox 1131 4121 2737 4202; baseline 0.001 -20"><span class='ocrx_word' id='word_1_376' title='bbox 1131 4122 1231 4182; x_wconf 92' lang='lat' dir='ltr'>Sic</span> <span class='ocrx_word' id='word_1_377' title='bbox 1272 4124 1436 4199; x_wconf 90' lang='lat' dir='ltr'>Aper</span> <span class='ocrx_word' id='word_1_378' title='bbox 1474 4121 1538 4182; x_wconf 88' lang='lat' dir='ltr'>in</span> <span class='ocrx_word' id='word_1_379' title='bbox 1579 4124 1847 4200; x_wconf 89' lang='lat' dir='ltr'>leporem</span> <span class='ocrx_word' id='word_1_380' title='bbox 1888 4135 2149 4185; x_wconf 89' lang='lat' dir='ltr'>mutatus</span> <span class='ocrx_word' id='word_1_381' title='bbox 2190 4126 2383 4202; x_wconf 90' lang='lat' dir='ltr'>perdit</span> <span class='ocrx_word' id='word_1_382' title='bbox 2425 4126 2737 4197; x_wconf 86' lang='lat' dir='ltr'>honorem,</span> 
     </span>
     <span class='ocr_line' id='line_1_76' title="bbox 1131 4220 2773 4301; baseline 0.002 -24"><span class='ocrx_word' id='word_1_383' title='bbox 1131 4220 1408 4296; x_wconf 89' lang='lat' dir='ltr'>Amplius</span> <span class='ocrx_word' id='word_1_384' title='bbox 1449 4232 1510 4281; x_wconf 92' lang='lat' dir='ltr'>et</span> <span class='ocrx_word' id='word_1_385' title='bbox 1550 4232 1745 4283; x_wconf 90' lang='lat' dir='ltr'>certus</span> <span class='ocrx_word' id='word_1_386' title='bbox 1786 4224 1953 4283; x_wconf 91' lang='lat' dir='ltr'>locus</span> <span class='ocrx_word' id='word_1_387' title='bbox 1995 4232 2087 4283; x_wconf 90' lang='lat' dir='ltr'>est</span> <span class='ocrx_word' id='word_1_388' title='bbox 2126 4222 2242 4283; x_wconf 88' lang='lat' dir='ltr'>sibi</span> <span class='ocrx_word' id='word_1_389' title='bbox 2283 4224 2480 4283; x_wconf 90' lang='lat' dir='ltr'>nullus</span> <span class='ocrx_word' id='word_1_390' title='bbox 2520 4234 2773 4301; x_wconf 77' lang='lat' dir='ltr'>apertus,</span> 
     </span>
    </p>
   </div>
   <div class='ocr_carea' id='block_1_12' title="bbox 1984 4351 2417 4413">
    <p class='ocr_par' dir='ltr' id='par_1_22' title="bbox 1984 4351 2417 4413">
     <span class='ocr_line' id='line_1_77' title="bbox 1984 4351 2417 4413; baseline -0.007 -11"><span class='ocrx_word' id='word_1_391' title='bbox 1984 4366 2044 4413; x_wconf 79' lang='lat'>71</span> <span class='ocrx_word' id='word_1_392' title='bbox 2072 4352 2266 4401; x_wconf 78' lang='lat' dir='ltr'>fraudis</span> <span class='ocrx_word' id='word_1_393' title='bbox 2284 4351 2417 4402; x_wconf 68' lang='lat' dir='ltr'>nn-</span> 
     </span>
    </p>
   </div>
   <div class='ocr_carea' id='block_1_13' title="bbox 1337 4428 2403 4496">
    <p class='ocr_par' dir='ltr' id='par_1_23' title="bbox 1337 4428 2403 4496">
     <span class='ocr_line' id='line_1_78' title="bbox 1337 4428 2403 4496; baseline 0.004 -20"><span class='ocrx_word' id='word_1_394' title='bbox 1337 4428 1403 4489; x_wconf 82' lang='lat'>85</span> <span class='ocrx_word' id='word_1_395' title='bbox 1436 4429 1627 4479; x_wconf 80' lang='lat' dir='ltr'>tmncit</span> <span class='ocrx_word' id='word_1_396' title='bbox 1645 4430 1690 4481; x_wconf 88' lang='lat' dir='ltr'>C</span> <span class='ocrx_word' id='word_1_397' title='bbox 1886 4446 1954 4495; x_wconf 82' lang='grc'>93</span> <span class='ocrx_word' id='word_1_398' title='bbox 1988 4430 2134 4496; x_wconf 84' lang='lat' dir='ltr'>dum]</span> <span class='ocrx_word' id='word_1_399' title='bbox 2160 4446 2277 4481; x_wconf 85' lang='lat' dir='ltr'>cum</span> <span class='ocrx_word' id='word_1_400' title='bbox 2301 4429 2403 4480; x_wconf 85' lang='lat' dir='ltr'>CH</span> 
     </span>
    </p>
   </div>
   <div class='ocr_carea' id='block_1_14' title="bbox 3134 1700 3197 1751">
    <p class='ocr_par' dir='ltr' id='par_1_24' title="bbox 3134 1700 3197 1751">
     <span class='ocr_line' id='line_1_79' title="bbox 3134 1700 3197 1751; baseline 0 -16"><span class='ocrx_word' id='word_1_401' title='bbox 3134 1700 3197 1751; x_wconf 79' lang='grc'>70</span> 
     </span>
    </p>
   </div>
   <div class='ocr_carea' id='block_1_15' title="bbox 3116 2669 3181 2715">
    <p class='ocr_par' dir='ltr' id='par_1_25' title="bbox 3116 2669 3181 2715">
     <span class='ocr_line' id='line_1_80' title="bbox 3116 2669 3181 2715; baseline -0.031 0"><span class='ocrx_word' id='word_1_402' title='bbox 3116 2669 3181 2715; x_wconf 85' lang='grc'>80</span> 
     </span>
    </p>
   </div>
   <div class='ocr_carea' id='block_1_16' title="bbox 3108 3660 3177 3711">
    <p class='ocr_par' dir='ltr' id='par_1_26' title="bbox 3108 3660 3177 3711">
     <span class='ocr_line' id='line_1_81' title="bbox 3108 3660 3177 3711; baseline 0 -18"><span class='ocrx_word' id='word_1_403' title='bbox 3108 3660 3177 3711; x_wconf 81' lang='grc'>90</span> 
     </span>
    </p>
   </div>
   <div class='ocr_carea' id='block_1_17' title="bbox 2596 4349 3171 4402">
    <p class='ocr_par' dir='ltr' id='par_1_27' title="bbox 2596 4349 3171 4402">
     <span class='ocr_line' id='line_1_82' title="bbox 2596 4349 3171 4402; baseline -0.002 0"><span class='ocrx_word' id='word_1_404' title='bbox 2596 4352 2665 4402; x_wconf 81' lang='grc'>80</span> <span class='ocrx_word' id='word_1_405' title='bbox 2697 4351 2820 4402; x_wconf 86' lang='lat' dir='ltr'>tetis</span> <span class='ocrx_word' id='word_1_406' title='bbox 2844 4349 2939 4401; x_wconf 84' lang='lat' dir='ltr'>SH</span> <span class='ocrx_word' id='word_1_407' title='bbox 3011 4352 3171 4402; x_wconf 80' lang='lat' dir='ltr'>thetis</span> 
     </span>
    </p>
   </div>
  </div>
 </body>
</html>
