3434 5142
1154 452 1443 523 LIBER
1502 453 1870 523 Primus
2529 477 2610 543 35

564 617 811 693 Vulpes,
856 614 1211 692 murelegos,
1254 631 1508 677 numero
1548 615 1679 681 sine
1721 625 1858 692 post
1897 616 2214 681 venientes.

561 714 723 788 Vidi,
766 714 871 792 qui
912 712 1165 777 canibus
1205 730 1273 775 se
1310 712 1573 775 tribuere
1611 732 1800 791 pares.

563 812 747 887 Quod
789 830 969 889 super
1008 821 1100 874 est
1138 822 1357 875 terram
1396 811 1583 873 nichil
1620 822 1728 873 aut
1767 812 1934 889 quod
1976 812 2184 876 subtus
2225 812 2453 879 eisdem

562 907 885 971 Occultum
928 910 1115 985 latuit,
1162 920 1253 973 set
1292 908 1484 986 magis
1524 927 1709 973 omne
1747 910 1990 977 vident:

563 1009 917 1068 Discurrunt
957 1008 1203 1085 campis,
1248 1016 1584 1067 scrutantur
1622 1017 1683 1068 et
1725 1009 1870 1068 inde
1909 1026 2213 1081 cauernas‚

566 1106 647 1167 Et
687 1124 903 1169 nemus
943 1115 1004 1167 et
1045 1116 1279 1184 pratum
1322 1105 1471 1187 quid
1513 1105 1589 1169 sit
1628 1103 1853 1183 vbique
1893 1117 2141 1185 petunt:

562 1204 723 1269 Vrbs
762 1221 965 1281 neque
1002 1203 1311 1268 mstellum
1352 1204 1619 1282 lapidum
1665 1222 1778 1265 nec
1821 1204 1882 1265 in
1925 1205 2138 1267 ordine
2177 1223 2382 1274 murus

560 1304 837 1380 Denegat
876 1301 1200 1375 introitum,
1245 1303 1493 1378 quando
1532 1302 1736 1363 venire
1775 1302 2022 1365 voluntt
2499 1324 2602 1380 470

558 1401 669 1461 Hii
711 1409 1027 1477 penetrant
1064 1417 1333 1463 cameras
1371 1400 1569 1475 fortes,
1613 1400 1746 1461 sine
1784 1401 2075 1478 claueque
2115 1401 2294 1463 cistas

556 1498 808 1573 Intrant,
851 1508 914 1557 vt
953 1496 1138 1574 preda
1180 1506 1301 1559 stet
1337 1497 1631 1574 patefacta
1672 1516 1802 1563 sua.

556 1596 857 1657 Dentibus
899 1614 971 1657 ex
1012 1595 1165 1657 ferro
1206 1596 1398 1673 longis
1440 1613 1561 1673 que
1600 1595 1901 1657 ferocibus
1940 1614 2151 1659 omnes

556 1694 902 1756 Corrodunt
941 1704 1113 1767 artes,
1158 1694 1326 1771 quod
1366 1693 1552 1753 nichil
1594 1692 1796 1753 obstat
1837 1694 1942 1757 eis.

556 1794 699 1853 Hoc
739 1801 943 1853 tamen
983 1792 1049 1854 in
1088 1810 1293 1855 morsu
1334 1792 1545 1855 vinens
1586 1792 1756 1869 quod
1795 1792 1956 1858 virus
1994 1809 2206 1857 eorum

556 1890 814 1965 Leserat,
856 1890 937 1950 ad
977 1890 1161 1953 vitam
1202 1907 1327 1949 non
1370 1888 1675 1952 medicina
1712 1889 1918 1953 iuuat:

552 1988 769 2048 Mortis
811 1986 1037 2049 habent
1078 2005 1363 2061 morsum,
1408 2005 1522 2049 nec
1564 1987 1803 2063 scorpio
1842 1986 1982 2064 plus.
2015 1996 2220 2065 grauat
2259 1987 2418 2064 illis;

552 2087 698 2162 Quo
737 2086 986 2148 veniunt
1028 2085 1191 2159 tales,
1236 2104 1399 2145 mors
1438 2084 1602 2147 venit
1642 2085 1776 2161 ipsa
1813 2102 2036 2147 comes·

632 2184 729 2244 En
770 2193 1039 2244 statuunt
1079 2184 1215 2243 cani
1256 2184 1519 2243 nemoris
1558 2182 1859 2243 dimittere
1899 2183 2108 2263 vulpes

548 2282 755 2355 Antra,
800 2298 919 2359 que
960 2280 1211 2364 gentiles
1252 2277 1411 2343 vrbis
1450 2280 1617 2342 adire
1658 2280 1914 2344 domos:
2490 2292 2592 2354 480

548 2380 689 2455 Que
728 2390 1021 2439 nocturna
1060 2378 1257 2439 solent
1295 2378 1593 2439 latitanter
1632 2378 1789 2439 furta
1828 2378 2040 2459 parari,

546 2477 661 2537 Illa
698 2478 829 2537 dies
868 2476 1026 2537 clara
1064 2486 1212 2537 tunc
1250 2477 1566 2538 manifesta
1605 2486 1792 2554 parat.

545 2576 855 2636 Ammodo
896 2576 1045 2654 quid
1084 2574 1200 2641 sibi
1241 2585 1381 2643 sunt
1421 2593 1539 2638 nec
1576 2575 1709 2635 ouis
1751 2592 1865 2635 nec
1908 2592 2178 2655 pauper
2217 2573 2398 2659 ouile,

548 2674 681 2734 Nec
720 2671 835 2734 sibi
876 2673 957 2734 de
996 2674 1197 2751 predis
1236 2673 1436 2751 pullus
1476 2682 1538 2734 et
1575 2690 1732 2751 agna
1772 2674 2027 2751 placent,

548 2772 690 2847 Que
728 2781 933 2833 tamen
975 2772 1235 2833 existunt
1272 2772 1514 2835 maioris
1555 2771 1619 2830 in
1658 2769 1806 2833 vrbe
1844 2771 2078 2845 valoris,

544 2870 686 2931 Hec
726 2872 979 2947 rapiunt,
1024 2887 1137 2930 nec
1178 2870 1265 2931 eis
1304 2870 1401 2935 lex
1438 2869 1711 2947 aliqualis
1751 2868 1944 2933 obest.

550 2966 674 3041 Qui
714 2965 955 3029 suberat
993 2976 1149 3029 terra
1187 2967 1415 3029 seruilis
1456 2967 1649 3045 vulpis
1690 2966 1756 3027 in
1795 2966 1960 3033 aulas

546 3064 813 3137 Scandit,
859 3076 919 3125 et
960 3064 1299 3141 hospicium
1338 3064 1491 3128 liber
1530 3063 1756 3142 vbique
1795 3064 1976 3141 petit:

544 3163 667 3238 Qui
709 3162 871 3239 prius
912 3162 1225 3227 extiterant
1265 3162 1515 3223 canibus
1556 3162 1768 3241 vulpes
1805 3160 2050 3233 inimici,

544 3260 765 3320 Mutua
802 3261 1135 3320 concordes
1174 3260 1377 3322 federa
1416 3261 1581 3338 pacis
1620 3258 1884 3325 habent:
2485 3281 2586 3334 490

552 3358 649 3417 Fit
690 3358 883 3436 lupuS,
926 3368 1109 3439 atque
1147 3359 1269 3419 fere
1308 3358 1551 3439 rapidus
1591 3357 1838 3436 vestigia
1877 3365 2092 3430 seruat,

550 3456 672 3531 Qui
716 3456 870 3516 solet
906 3465 1051 3516 ante
1089 3456 1277 3535 magis
1318 3473 1449 3517 esse
1490 3454 1742 3516 bidente
1779 3454 1931 3539 pius,

622 3552 765 3613 Hiis
806 3571 1051 3631 quoque
1092 3552 1427 3631 murelegus
1468 3553 1746 3627 sociatur,
1790 3561 1850 3619 et
1891 3552 2100 3613 horrea
2140 3551 2419 3634 linquens

543 3651 767 3712 Nititur
806 3653 870 3711 in
911 3653 1159 3715 vetitum
1200 3652 1452 3712 rusticus
1492 3652 1623 3729 ipse
1662 3651 1912 3714 malum.

540 3748 851 3809 Ammodo
892 3748 1227 3826 murelegus
1269 3748 1503 3809 desistit
1542 3748 1836 3825 prendere
1877 3764 2094 3823 mureS,

538 3848 673 3909 Nec
714 3856 925 3907 natura
962 3865 1137 3907 suum
1179 3856 1348 3910 curat
1388 3846 1611 3907 habere
1649 3846 1938 3908 modum:

539 3944 665 4019 Qui
706 3945 861 4004 solet
899 3963 937 4005 a
976 3944 1261 4005 domibus
1303 3944 1596 4023 expellere
1636 3944 1750 4007 rite
1790 3943 2026 4017 nociua,

536 4042 715 4101 Tunc
754 4051 951 4115 nocet,
994 4052 1059 4103 et
1097 4060 1325 4103 nocuas
1365 4050 1654 4119 prouocat
1695 4058 1828 4101 esse
1868 4040 2103 4101 domos·

537 4138 598 4199 N
601 4156 683 4198 on
724 4140 807 4198 ita
848 4138 1209 4201 mordebant
1249 4157 1465 4212 mures,
1510 4138 1612 4217 qui
1654 4156 1848 4215 nuper
1890 4137 1954 4205 in
1992 4134 2202 4205 vrbem

532 4235 853 4296 Accharon
895 4237 1203 4311 intrarunt,
1247 4255 1372 4315 quo
1412 4236 1524 4297 fuit
1564 4237 1743 4297 archa
1783 4237 1900 4315 dei,
2479 4258 2581 4309 500

431 4364 535 4427 ⁴⁶5
564 4379 727 4427 super
748 4372 829 4419 est
850 4364 892 4415 S
957 4371 1201 4429 superest
1221 4364 1362 4415 CED
1553 4364 1654 4426 468
1684 4365 1756 4416 sit
1778 4362 1997 4415 CEDH·
2059 4364 2137 4417 sic
2159 4360 2296 4413 SGT
2481 4378 2582 4429 479

364 4442 481 4493 esui
504 4443 575 4507 (3)
596 4441 641 4493 C
708 4442 853 4493 canis
877 4442 926 4493 D

1427 4542 1472 4587 1>
1504 4544 1536 4585 2
