3434 5142
776 431 860 489 26
1484 428 1683 494 VOX
1739 430 2284 497 CLAMANTIS

942 587 1159 648 Tristia
1197 598 1335 665 post
1376 588 1513 661 leta,
1555 598 1691 666 post
1734 590 2010 651 Phebum
2055 590 2290 665 nebula,
2337 591 2532 653 morbi
2641 618 2646 623 ·

941 687 1245 763 Tempora
1284 698 1421 763 post
1462 705 1607 747 sana
1650 706 1796 765 sepe
1834 689 2037 749 venire
2077 690 2308 751 solent:

944 782 1003 843 N
1006 802 1087 843 on
1128 784 1211 843 ita
1250 785 1409 844 clara
1447 785 1579 845 dies
1618 784 1810 846 fuerat
1851 795 2146 849 transacta
2187 806 2293 865 per
2331 798 2490 862 ante,

942 881 1109 956 Quin
1152 881 1339 958 magis
1378 881 1634 942 obscura
1674 883 1870 943 noctis
1912 901 2128 961 ymago
2167 885 2350 945 venit.

943 978 1106 1040 Ecce
1144 988 1353 1056 tegunt
1395 980 1559 1058 nigre
1600 980 1902 1041 latitancia
1943 980 2138 1043 sidera
2179 980 2390 1058 nubeS,

943 1078 1141 1136 Aurea
1180 1076 1322 1136 luna
1364 1076 1527 1155 fugit,
1568 1096 1691 1139 nox
1731 1088 1892 1141 caret
1933 1079 2070 1157 igne
2111 1098 2240 1140 suo.

945 1174 1213 1237 Flexerat
1255 1175 1503 1253 obliquo
1544 1176 1872 1253 plaustrum
1914 1188 2158 1237 temone
2200 1179 2436 1253 Boetae,

946 1273 1079 1333 Nec
1120 1272 1215 1333 via
1255 1272 1481 1334 directa
1520 1284 1667 1335 tunc
1706 1274 1820 1335 fuit
1857 1283 1994 1335 acta
2032 1275 2156 1353 poli
2173 1296 2192 1350 ς
2896 1300 2990 1347 140

943 1371 1323 1431 Infortunata
1362 1381 1453 1432 set
1493 1373 1882 1433 constellacio
1921 1382 2196 1433 centrum

950 1469 1303 1531 Dissoluens
1346 1468 1553 1532 rabide
1593 1479 1810 1531 tartara
1849 1471 2010 1531 misit
2051 1472 2261 1532 humo.

862 1552 874 1563 ’
1028 1567 1226 1626 Prima
1266 1567 1438 1644 quies
1477 1566 1699 1642 aberat,
1745 1587 1861 1629 nec
1897 1568 2103 1629 adhuc
2141 1586 2278 1629 mea
2319 1568 2548 1631 lumina
2586 1570 2813 1677 mtsscct

948 1664 1267 1740 Sompnus,
1310 1683 1497 1742 quem
1538 1666 1750 1728 timide
1789 1667 2010 1727 mentis
2049 1667 2218 1744 origo
2256 1666 2458 1743 fugat:

950 1762 1046 1822 En
1088 1780 1264 1822 coma
1305 1772 1519 1839 sponte
1560 1764 1727 1841 riget,
1770 1764 1968 1825 tremit
2007 1773 2070 1824 et
2109 1782 2266 1836 caro,
2312 1763 2510 1825 cordis
2549 1774 2614 1827 et
2651 1772 2886 1825 antrum

950 1860 1229 1934 Soluitur,
1274 1871 1334 1921 et
1375 1879 1585 1921 sensus
1625 1861 1810 1923 fertur
1846 1861 1928 1921 ad
1972 1862 2153 1922 instar
2191 1878 2386 1939 aque3

952 1956 1052 2018 Sic
1093 1960 1281 2035 magis
1318 1959 1559 2019 assidua
1600 1960 1851 2021 iactatus
1891 1970 2095 2019 mente
2136 1960 2386 2032 reuolui,
2503 1986 2518 1995 =

954 2056 1121 2132 Quid
1162 2056 1345 2117 michi
1386 2068 1509 2118 tam
1550 2057 1733 2118 subiti
1773 2076 1956 2117 causa
1993 2057 2224 2118 timoris
2261 2066 2427 2120 erat:

954 2154 1051 2214 Sic
1092 2155 1250 2215 lecto
1292 2156 1539 2232 vigilans
1580 2154 1915 2215 meditabar
1953 2155 2138 2231 plura,
2183 2172 2304 2232 que
2343 2164 2612 2215 mentem

955 2251 1176 2323 Effudi,
1219 2252 1393 2311 variis
1432 2253 1617 2313 corde
1657 2263 1910 2330 vagante
1951 2252 2166 2314 modis.
2901 2274 2996 2323 150

950 2350 1223 2425 Tempus
1262 2359 1387 2410 erat
1426 2368 1550 2427 quo
1588 2360 1812 2411 cuncta
1851 2350 2044 2425 silent,
2090 2369 2214 2428 quo
2255 2360 2458 2412 mente
2499 2350 2696 2426 sopita

956 2448 1032 2509 In
1072 2465 1221 2525 vaga
1261 2447 1551 2508 nonnulla
1590 2448 1869 2524 sompnia
1907 2448 2090 2509 corda
2129 2458 2351 2523 ruunt3

955 2547 1059 2606 Set
1100 2561 1301 2621 neque
1340 2562 1629 2622 sompnus
1667 2546 1871 2607 adhuc
1913 2564 2112 2625 neque
2151 2544 2430 2622 sompnia
2469 2562 2569 2607 me
2608 2545 2975 2623 laqueatum,

956 2644 1122 2703 Dum
1162 2661 1351 2721 pauor
1391 2662 1465 2705 ex
1504 2643 1708 2704 subito
1747 2644 2010 2721 spondet
2049 2645 2264 2705 adesse
2304 2644 2548 2703 malum.

957 2741 1170 2803 Noctis
1212 2750 1338 2802 erat
1380 2742 1665 2816 medium,
1708 2742 1906 2820 grauis
1945 2752 2008 2802 et
2048 2739 2336 2820 palpebra
2375 2741 2648 2818 querelas

960 2840 1261 2900 Ponderat
1301 2858 1375 2900 ex
1416 2840 1621 2915 oculis,
1666 2851 1758 2901 set
1797 2859 1969 2901 mora
2009 2841 2203 2901 tardat
2245 2857 2442 2916 opem.

960 2938 1059 2998 Sic
1098 2937 1237 3015 vigil
1279 2938 1341 2997 in
1382 2938 1538 2998 curis
1578 2939 1927 3017 consumpsi
1968 2949 2240 3015 tempora
2279 2937 2493 3010 noctis,

963 3036 1217 3095 Nescius
1259 3054 1333 3097 ex
1372 3036 1532 3113 quali
1574 3045 1736 3097 sorte
1777 3036 2136 3114 propinquat
2177 3053 2366 3114 opus:

960 3135 1263 3210 Tempora
1302 3133 1579 3210 preterita
1618 3134 1760 3207 vidi,
1805 3135 2113 3213 metuique
2154 3133 2388 3208 sutura3

960 3230 1239 3290 Tandem
1280 3231 1369 3290 sic
1408 3232 1617 3291 oculos
1656 3232 1949 3291 clauserat
1989 3231 2198 3291 vmbra
2239 3248 2424 3291 meos.
2910 3236 3004 3284 160

961 3329 1077 3404 Sic,
1120 3326 1220 3390 vbi
1262 3328 1516 3407 decepte
1554 3348 1691 3407 pars
1733 3339 1826 3389 est
1865 3329 2047 3389 michi
2092 3329 2348 3389 maxima
2389 3327 2582 3389 noctis

960 3428 1130 3503 Acta,
1176 3426 1339 3488 subit
1378 3426 1580 3488 subito
1620 3427 1852 3487 lumina
1889 3427 2046 3487 sessa
2085 3444 2332 3503 sopor:

963 3525 1256 3603 Exiguam
1298 3524 1456 3586 subii
1498 3525 1782 3603 requiem,
1827 3525 1974 3585 dum
2019 3523 2255 3584 Lucifer
2295 3524 2496 3601 ignem

964 3625 1261 3683 Prouocat
1300 3624 1550 3697 Amore,
1593 3623 1872 3699 sompnia
1911 3632 2180 3700 tuncque
2219 3621 2361 3681 fero.

798 3896 803 3901 .
870 3846 989 3901 Hic
1012 3847 1235 3916 incipiit
1263 3847 1641 3916 sompnium,
1663 3846 1775 3901 vbi
1806 3846 2080 3915 quodam
2116 3845 2220 3902 dle
2250 3846 2480 3902 Marti·
2499 3844 2654 3899 <uest
2679 3858 2752 3899 ue
2783 3843 3006 3897 varlas

800 3934 983 4003 vulgi
995 3937 1243 3989 turmae
1258 3935 1521 3998 vidisse,
1533 3948 1798 4004 quarum
1823 3934 2091 4002 primam
2105 3934 2172 3989 in
2189 3934 2664 3991 similitudinem
2681 3930 3006 3987 asinorum

800 4020 1035 4078 mutari
1058 4021 1270 4076 subito
1292 4023 1758 4091 speculabatur.

631 4172 827 4249 Capm.
861 4169 919 4227 ii.
1047 4170 1333 4244 Dumque
1374 4168 1539 4245 piger
1579 4186 1872 4247 sompnus
1913 4169 2175 4229 inmotos
2217 4170 2421 4229 fixerat
2459 4176 2637 4241 artus,

950 4264 1085 4326 Iam
1126 4264 1317 4325 suerat
1357 4276 1559 4343 raptus
1600 4267 1839 4343 spiritus
1881 4266 2010 4343 ipse
2049 4283 2257 4328 meus:

867 4434 960 4483 145
995 4420 1049 4471 in
1070 4427 1277 4471 antrum
1302 4420 1350 4468 D
1484 4420 1577 4483 163
1608 4434 1709 4469 om.
1736 4418 1780 4468 L
1915 4420 2178 4482 165-2150
2199 4433 2301 4471 ont.
2331 4416 2374 4467 L
2525 4418 2618 4483 165
2655 4416 2890 4481 Cumque
2915 4415 3009 4466 DT
