3434 5142
755 422 872 481 126

1457 417 1659 482 VOX
1716 416 2257 483 CLAMANTIS

915 578 976 639 N
979 589 1162 652 oscat,
1207 588 1268 640 et
1309 578 1594 638 emendet
1635 595 1755 655 que
1796 596 1905 637 sua
1943 578 2121 655 culpa
2160 587 2367 655 parat:

915 677 1037 751 Qui
1080 678 1280 737 claues
1322 676 1480 737 Petri
1521 686 1775 753 gestaret
1816 686 1879 736 vt
1918 676 2071 735 ostia
2112 676 2225 735 celi

913 776 1228 849 Panderet,
1271 775 1372 834 illa
1410 774 1548 834 viris
1589 773 1815 834 claudit
1858 774 1919 833 in
1962 772 2111 834 orbe
2150 774 2329 851 prius,

913 872 1073 933 Cum
1113 873 1302 949 magis
1342 873 1460 932 hoc
1503 890 1708 948 penso,
1754 872 1942 948 magis
1984 871 2434 948 obstupefactus
2476 872 2539 931 in
2582 873 2687 934 illo

913 972 1076 1043 Sum,
1121 989 1260 1031 nam
1303 972 1402 1029 lux
1445 969 1736 1047 quicquid
1775 968 2041 1047 predicat
2082 968 2291 1030 vmbra
2329 970 2529 1048 sugat:

909 1070 1104 1129 Vnius
1145 1080 1351 1146 gustus
1391 1067 1596 1128 infecit
1636 1067 1801 1127 milia
1842 1068 2046 1141 multa,

913 1166 1444 1228 Commaeulantur
1484 1184 1559 1227 eo
1599 1175 1819 1225 cuncta
1858 1183 2069 1242 sapore
2109 1166 2287 1226 malo.
2860 1188 2959 1243 700

908 1263 1182 1325 Sublimo
1223 1264 1488 1325 residens
1531 1262 1652 1323 dux
1693 1264 1883 1340 prima
1924 1262 2203 1340 superbia
2244 1282 2443 1338 curru,

910 1364 1109 1422 Multa
1148 1363 1384 1421 minans
1425 1360 1608 1434 vultu,
1653 1362 1899 1432 lumine,
1940 1380 2105 1435 voce,
2150 1381 2371 1423 manu:

911 1460 1308 1537 Subsequitur
1345 1459 1514 1531 liuor,
1559 1456 1734 1519 turba
1774 1461 2092 1520 comitatus
2132 1459 2366 1535 acerba,

910 1559 1141 1619 Pallida
1180 1576 1289 1632 reS,
1332 1567 1459 1617 atra
1499 1558 1699 1635 pestiS,
1744 1576 1945 1618 amara
1985 1559 2113 1619 lues
2140 1579 2155 1631 ;

911 1658 1051 1732 Que
1091 1657 1244 1717 solet
1285 1667 1344 1718 et
1384 1656 1576 1733 pietas
1617 1666 1863 1733 peccata
1903 1658 2203 1718 remittere
2244 1657 2484 1732 vindex,

910 1756 1092 1816 Extat
1130 1756 1388 1815 auaricia
1428 1755 1590 1814 lucra
1629 1754 1861 1814 caduca
1900 1765 2132 1832 petens.

991 1855 1192 1930 Quam
1233 1854 1428 1931 grauis
1470 1863 1561 1913 est
1601 1853 1803 1930 pestiS,
1846 1872 2029 1929 quam
2071 1854 2235 1913 triste
2274 1852 2552 1931 superbia
2594 1872 2839 1928 nomen,

909 1953 1110 2013 Radix
1148 1952 1394 2029 peccati,
1442 1952 1576 2010 sons
1617 1960 1678 2011 et
1721 1950 1887 2028 origo
1928 1951 2110 2011 mali!

909 2050 1072 2109 Fons
1112 2049 1224 2109 fuit
1265 2048 1378 2109 hec
1417 2048 1672 2122 seeleriS,
1716 2048 1911 2107 tocius
1954 2066 2135 2108 causa
2176 2047 2421 2121 doloriS,

908 2147 1212 2206 Virtutum
1255 2144 1517 2219 morbus,
1562 2145 1747 2205 saltus
1787 2146 1868 2206 ad
1908 2164 2046 2223 yma
2085 2146 2330 2220 cadenS,
2852 2166 2953 2222 7¹0

909 2245 1156 2321 Hospes
1197 2244 1468 2317 auaricie,
1512 2253 1829 2320 paupertas
1870 2243 2133 2322 prodiga,
2176 2244 2399 2304 fraudis

911 2342 1299 2419 Principium,
1344 2342 1519 2402 fallax
1560 2360 1789 2415 sensus,
1835 2342 2034 2419 iniqus
2074 2360 2259 2416 amor,

911 2441 1206 2518 Irrequies
1247 2441 1482 2514 mentiS,
1527 2441 1600 2501 lis
1641 2442 1927 2518 proxima,
1974 2442 2178 2501 mortis
2219 2442 2427 2516 amica,

909 2539 1147 2599 Perfida
1185 2556 1374 2613 mens,
1419 2538 1578 2599 racio
1620 2539 1814 2612 deuia,
1860 2557 2048 2599 vanus
2089 2540 2299 2599 honor.

909 2638 1050 2698 Hec
1092 2636 1259 2714 quasi
1303 2635 1381 2697 de
1423 2637 1662 2714 proprio
1703 2647 1843 2697 sunt
1884 2637 2219 2714 apropriata
2261 2636 2540 2715 superbo,

908 2734 1106 2794 Heres
1148 2744 1210 2794 et
1249 2733 1464 2794 baratri
1507 2734 1733 2811 primus
1774 2734 2028 2795 habetur
2067 2734 2189 2795 ibi:

908 2833 1054 2892 Hoc
1092 2833 1344 2909 capitale
1385 2833 1610 2891 malum
1651 2850 1776 2909 quo
1816 2844 2023 2910 regnat
2061 2850 2243 2910 egens
2284 2844 2464 2910 caput
2505 2850 2687 2893 omne

908 2930 1187 3003 conficit,
1232 2940 1293 2990 et
1332 2930 1526 2991 caude
1566 2930 1856 3007 par-facit
1895 2948 2027 2991 esse
2067 2948 2190 2990 sue.

908 3030 1052 3089 Hoc
1093 3040 1272 3105 caput
1312 3040 1402 3089 est
1443 3048 1638 3089 rerum
1681 3029 1846 3089 viciis
1886 3029 2108 3089 seruire
2147 3038 2442 3101 coactum,

907 3125 1090 3188 Liber
1129 3125 1315 3186 homo
1343 3127 1566 3187 didicit
1609 3127 1727 3187 hoc
1767 3144 1948 3203 graue
1989 3127 2139 3187 ferre
2179 3128 2421 3203 iugum3
2848 3144 2949 3199 720

906 3225 1050 3285 Non
1093 3224 1240 3285 illud
1281 3224 1528 3297 domini,
1575 3224 1744 3301 quod
1784 3224 2003 3285 dicitur
2042 3241 2175 3284 esse
2214 3242 2422 3299 suaue,

908 3322 1108 3382 Immo
1149 3323 1316 3399 quod
1358 3323 1643 3400 imposuit
1685 3323 1923 3383 invidus
1965 3322 2154 3382 hostis
2194 3322 2249 3382 ei
2264 3342 2283 3397 ς

907 3420 1051 3480 Non
1094 3437 1217 3497 quo
1257 3419 1498 3480 libertas
1539 3420 1896 3497 perquiritur
1935 3420 2033 3479 illa
2074 3419 2296 3493 salutis,

906 3518 1011 3577 Set
1050 3518 1218 3595 quod
1259 3517 1458 3577 seruili
1499 3518 1862 3579 condicione
1904 3517 2133 3594 premit.

904 3616 955 3675 F
955 3613 1156 3675 abrica
1193 3614 1400 3692 prima,
1445 3614 1631 3675 decus
1674 3615 1950 3692 primum,
1994 3615 2261 3692 primatis
2302 3614 2535 3675 honore

904 3713 1194 3787 PredituS,
1240 3723 1331 3773 est
1370 3713 1560 3790 prime
1601 3713 1963 3801 perdicionis
2004 3731 2175 3790 opus,

903 3810 1214 3886 Prodolor,
1253 3812 1410 3870 heu!
1464 3821 1631 3872 tante
1671 3811 1772 3871 dic
1812 3829 1933 3889 que
1972 3812 2050 3871 sit
2088 3828 2271 3871 causa
2310 3811 2518 3870 ruine:

904 3908 1080 3969 Elate
1120 3910 1339 3970 mentis
1382 3920 1582 3968 motus
1623 3908 1791 3986 origo
1833 3910 1959 3969 fuit.

900 4006 959 4069 O
1002 4024 1173 4067 mens
1213 4008 1384 4081 elata,
1427 4008 1811 4085 presumpcio
1850 4007 1996 4079 dira,
2040 4006 2283 4085 superni

900 4104 1086 4182 Regis
1127 4103 1348 4164 habere
1389 4106 1606 4179 locum,
1655 4105 1869 4165 iudicis
1912 4122 2044 4165 esse
2084 4122 2308 4182 parem,
2846 4118 2947 4174 730

899 4202 1244 4279 Equarique
1283 4220 1395 4262 suo
1425 4202 1660 4276 factori,
1707 4221 1830 4264 non
1876 4203 2107 4277 imitari,

901 4299 1268 4377 Equiperare
1310 4299 1491 4360 deum
1537 4318 1650 4361 nec
1691 4300 1964 4361 bonitate
2007 4300 2212 4377 sequi!

900 4397 1162 4475 Expedit
1201 4396 1486 4475 exemplis
1528 4408 1590 4457 vt
1631 4398 1851 4459 talibus
1892 4408 2215 4459 euacuetur
