3434 5142
767 479 849 538 92
1448 461 1645 525 vox
1703 460 2247 527 CLAMANTIS

933 622 1104 682 Aeris
1146 632 1206 682 et
1248 621 1518 682 volucres
1561 622 1726 681 iussu
1769 622 1969 699 Moysi
2010 622 2376 697 ceciderunt,

933 720 1132 797 Inque
1173 718 1342 779 cibos
1383 720 1590 797 populi
1633 719 1983 780 subiacuere
2024 720 2160 781 dei:
2886 742 2983 796 2¹70

936 817 1015 876 Et
1055 816 1234 893 piscis
1276 816 1475 877 triduo
1518 817 1671 877 Ione
1712 817 1958 877 seruiuit
2000 818 2063 877 in
2104 817 2296 891 vndiS,

938 915 1104 973 Dum
1147 914 1373 975 Niniue
1411 924 1588 991 portu
1627 923 1835 975 ventre
1876 914 2095 975 refudit
2135 933 2291 975 eum.

937 1011 1160 1072 Omnia
1201 1011 1288 1071 sic
1329 1012 1487 1070 iusto
1527 1021 1690 1087 patet
1732 1020 1795 1070 vt
1836 1011 2042 1071 diuina
2082 1022 2279 1072 creata

936 1106 1319 1169 Subueniunt
1359 1109 1607 1183 homini,
1653 1108 1895 1169 subdita
1936 1118 2076 1169 sunt
2117 1118 2180 1169 et
2219 1111 2292 1171 ei.

939 1206 997 1267 O
1039 1224 1222 1283 quam
1265 1206 1435 1266 diues
1477 1207 1678 1280 homo,
1726 1225 1909 1285 quam
1949 1225 2172 1285 magno
2212 1226 2461 1269 munere
2502 1207 2655 1281 felix,

939 1305 1056 1366 Cui
1098 1314 1260 1365 totus
1301 1305 1410 1364 soli
1455 1303 1732 1364 subditur
1772 1304 1935 1365 orbis
1976 1305 2209 1365 honor!

941 1402 1107 1462 Felix
1147 1420 1252 1479 pre
1293 1402 1543 1475 cunctis,
1588 1403 1685 1461 cui
1727 1402 2017 1479 quicquid
2058 1401 2285 1463 fabrica
2323 1403 2537 1464 mundi

940 1499 1244 1570 Continet,
1286 1500 1538 1576 assurgit
1577 1508 1638 1559 et
1679 1517 1788 1558 sua
1828 1500 1987 1559 iussa
2030 1499 2187 1560 facit.

945 1597 1008 1657 Si
1049 1606 1254 1657 tamen
1295 1606 1540 1657 econtra
1581 1597 1773 1656 iustus
1815 1616 1923 1657 sua
1962 1598 2203 1659 verterit
2242 1608 2394 1673 acta,

946 1695 1118 1755 Illico
1159 1713 1504 1773 peruersum
1547 1695 1776 1755 senciet
1818 1694 1961 1756 inde
2002 1696 2251 1757 malum.
2894 1708 2992 1758 280

857 1906 978 1961 Hic
1013 1908 1254 1963 tractat
1289 1906 1629 1963 secundum
1667 1906 2025 1976 scripturae
2058 1909 2126 1963 et
2161 1907 2419 1976 allegat,
2457 1907 2731 1976 qualiter
2770 1921 2995 1964 omnes

787 1996 1077 2051 creature
1097 1994 1339 2050 homini
1362 1995 1682 2063 peccatori
1707 1994 2128 2051 aduersante·
2152 1995 2535 2051 inobediunt.

602 2120 797 2196 Capm.
829 2118 904 2179 vi.
1039 2120 1202 2177 Dum
1247 2117 1450 2178 Dauid
1493 2117 1620 2194 ipse
1661 2117 1855 2178 scelus
1896 2118 2214 2192 commisit,
2261 2118 2323 2177 in
2363 2134 2499 2178 aere
2541 2117 2723 2195 pestis

947 2216 1257 2293 Congelat,
1302 2225 1362 2276 et
1401 2226 1642 2293 gentem
1685 2216 1893 2275 sternit
1934 2215 2158 2294 vbique
2200 2234 2409 2276 suam:

947 2314 1028 2373 Et
1069 2332 1179 2391 pro
1222 2314 1482 2390 peccatis
1525 2312 1854 2375 Sodomam
1897 2312 2309 2373 combusserat
2349 2307 2519 2391 ignis,

947 2413 1178 2490 Estque
1213 2412 1413 2473 Chore
1452 2411 1644 2488 culpis
1686 2412 1815 2471 eius
1856 2410 2071 2472 adusta
2112 2411 2365 2471 domus:

948 2512 1197 2586 Propter
1237 2518 1552 2585 peccatum
1594 2519 1825 2571 torrens
1868 2510 2142 2587 peruenit
2182 2527 2491 2587 aquarum,

949 2610 1024 2670 In
1067 2607 1382 2668 moriendo
1422 2608 1643 2685 quibus
1684 2606 1972 2668 condolet
2012 2624 2195 2667 omne
2235 2623 2459 2684 genus:

951 2706 1030 2765 Et
1071 2714 1224 2766 terre
1265 2705 1458 2766 solida
1498 2705 1665 2765 viciis
1709 2704 1944 2765 fuerant
1983 2705 2317 2781 liquefacta,

939 2806 1118 2864 'Dum
1164 2805 1404 2864 Dathan
1447 2822 1520 2863 ac
1563 2804 1795 2864 Abii-on
1840 2804 2023 2863 scissa
2064 2820 2323 2863 cauerna
2364 2812 2567 2864 vorat:

953 2903 1221 2980 Angelus
1263 2911 1324 2963 et
1365 2902 1597 2962 domini
1640 2902 1790 2963 Sirie
1832 2911 2057 2977 turmas
2098 2899 2268 2961 dedit
2309 2901 2454 2975 ensi,

956 3001 1300 3078 Lisiamque
1342 3001 1559 3062 ducem
1604 3000 1744 3062 fecit
1784 3000 1933 3059 inire
1974 3000 2211 3076 sugam:
2908 3021 3007 3072 290

955 3099 1198 3174 Septem
1242 3108 1421 3159 nocte
1460 3098 1619 3157 viros
1661 3098 1832 3158 Sarte
1876 3096 2166 3173 iugulauit
2208 3095 2447 3172 iniquos

958 3197 1200 3255 Demon
1242 3206 1304 3256 et
1343 3195 1704 3269 AsmodeuS,
1750 3196 1877 3254 vult
1918 3196 2000 3254 ita
2042 3212 2305 3270 namque
2345 3193 2513 3253 deus,

1042 3293 1145 3353 Nil
1183 3292 1421 3353 fortuna
1460 3303 1658 3370 potest
1699 3292 1923 3351 iniusto
1966 3291 2115 3352 ferre
2156 3290 2379 3363 salutis,

962 3392 1244 3469 Namque
1283 3410 1491 3452 creans
1533 3390 1776 3451 obstant
1816 3399 1999 3468 atque
2040 3398 2239 3449 creata
2278 3386 2493 3447 simul:

966 3490 1068 3549 Nil
1106 3490 1266 3549 valet
1305 3488 1535 3549 auferre
1574 3488 1735 3547 iusto
1777 3487 2014 3547 fortuna
2056 3485 2285 3558 valoriS,

963 3587 1120 3647 Nam
1162 3586 1315 3647 deus
1356 3587 1486 3663 ipse
1526 3586 1710 3660 iuuat,
1756 3595 1816 3645 et
1860 3584 1973 3645 sibi
2014 3584 2138 3643 fata
2179 3581 2381 3643 nichil.

961 3686 1133 3745 Vires
1173 3685 1510 3761 Sampsoni‚
1553 3684 1650 3743 vel
1691 3700 1933 3743 sensum
1976 3682 2111 3758 quis
2152 3678 2475 3752 Salomoni,

961 3782 1238 3843 Absolon
1277 3792 1383 3843 aut
1423 3782 1684 3859 speciem
1728 3779 2025 3840 contulit?
2093 3778 2259 3836 Ecce
2298 3775 2546 3853 quidem

965 3880 1234 3957 Corpora
1274 3890 1484 3940 natura
1527 3878 1711 3952 dedit,
1756 3887 1817 3938 et
1859 3878 1946 3935 sic
1988 3876 2182 3953 exiget
2224 3874 2337 3948 illa,

965 3977 1230 4037 Virtutes
1269 3978 1472 4037 anime
1510 3976 1706 4053 gracia
1749 3975 1875 4034 sola
1917 3973 2052 4034 dei:
2909 3989 3013 4041 300

966 4075 1065 4137 Sic
1105 4084 1269 4151 patet
1310 4084 1373 4134 vt
1414 4075 1650 4134 fortuna
1693 4072 1878 4132 nichil
1917 4072 2076 4131 valet
2116 4069 2339 4130 addere
2382 4066 2576 4139 nobiS,

965 4172 1207 4232 Tollere
1247 4174 1354 4232 seu
1397 4164 1708 4249 quicquid,
1751 4188 1893 4229 cum
1938 4168 2125 4227 nichil
2168 4168 2297 4244 ipsa
2338 4165 2525 4226 dedit.

969 4270 1128 4332 Cum
1171 4280 1294 4329 tam
1335 4256 1652 4346 pacificum
1695 4269 1843 4328 rexit
1886 4267 2173 4328 Salomon
2215 4264 2329 4325 sibi
2372 4280 2640 4341 regnum,

874 4400 972 4447 279
1003 4382 1248 4432 Attamen
1271 4388 1484 4431 econtra
1504 4381 1548 4430 si
1571 4380 1737 4430 iustus
1761 4380 1808 4429 D
2008 4394 2109 4441 294
2144 4378 2314 4427 obstat
2336 4374 2528 4426 CGDL
2724 4388 2825 4435 300
2844 4370 3015 4421 anime

809 4461 1104 4513 CEHGDL
1171 4460 1326 4511 animi
1349 4458 1389 4511 S
1586 4473 1686 4523 303
1720 4457 2021 4524 Pamgmph
2042 4458 2153 4509 hm
2175 4455 2327 4507 HDL
