3434 5142
1525 407 1726 473 VOX
1783 407 2327 474 CLAMANTIS

988 571 1071 629 Vt
1112 568 1482 629 numeranda
1522 568 1699 628 maris
1741 569 2077 629 consistunt
2116 569 2289 630 litora
2329 568 2522 643 nobis,

988 668 1140 729 Sunt
1181 667 1397 727 infiniti
1438 666 1659 727 fraudis
1700 668 1764 728 in
1807 684 1912 727 ore
1953 667 2097 730 doli.

989 767 1173 826 Fraus
1215 765 1355 825 facit
1394 773 1456 824 et
1494 765 1651 825 facta
1690 764 1914 837 vendit,
1961 782 2206 842 quoque
2247 765 2472 827 iudicat
2512 776 2662 842 acta,

988 863 1351 925 Ambicione
1390 881 1499 924 sua
1538 873 1776 941 statque
1817 881 1922 940 per
1951 881 2146 923 omne
2186 881 2306 924 rea.

990 962 1051 1022 N
1052 978 1133 1022 on
1173 979 1496 1023 commune
1537 960 1767 1021 bonum
1811 962 1996 1022 Fraus
2036 979 2176 1020 cum
2217 963 2294 1022 sit
2335 973 2528 1024 rector
2565 964 2870 1042 agendum

985 1062 1201 1137 Auget,
1244 1068 1335 1120 set
1373 1059 1677 1137 proprium
1721 1068 1950 1137 spectat
1991 1059 2213 1121 habere
2252 1061 2502 1122 lucrum.
2929 1072 3036 1137 830

984 1157 1085 1218 Sic
1126 1167 1289 1236 patet
1328 1158 1392 1216 in
1432 1157 1571 1230 fine,
1615 1175 1782 1217 nunc
1821 1158 2050 1218 transiit
2091 1157 2227 1217 exul
2267 1158 2348 1219 ab
2391 1157 2536 1220 vrbe

989 1256 1131 1333 Ipsa
1172 1255 1351 1316 Fides
1392 1254 1621 1328 sterilis,
1666 1256 1854 1315 Fraus
1895 1255 2046 1332 parit
2086 1265 2269 1332 atque
2309 1258 2525 1333 magis,

990 1355 1134 1414 Hoc
1174 1371 1287 1431 ego
1328 1372 1453 1414 non
1494 1354 1651 1424 dico,
1694 1353 1863 1430 quod
1905 1355 2090 1414 Fraus
2131 1353 2475 1414 dominatur
2515 1355 2578 1413 in
2620 1373 2848 1429 omnes,

990 1451 1161 1512 Iusto
1202 1469 1343 1511 nam
1382 1452 1501 1510 ciui
1544 1452 1730 1512 Fraus
1772 1451 1958 1511 nichil
1997 1451 2169 1512 addit
2211 1451 2314 1511 ibi.

896 1649 1017 1706 Hic
1052 1651 1329 1722 loquitur
1361 1651 1442 1707 de
1477 1652 1616 1708 ciue
1648 1652 1762 1707 illo
1797 1652 2095 1707 maliuolo
2131 1653 2198 1708 et
2231 1652 2603 1722 imoetuoso,
2631 1653 2740 1722 qui
2771 1652 3036 1708 maioris

824 1739 1242 1796 ministerium
1266 1740 1391 1796 sibi
1414 1740 1734 1809 adoptans
1757 1741 1828 1794 in
1851 1741 2148 1796 concines
2169 1756 2353 1796 suam
2373 1741 2670 1796 accendlt
2689 1741 3028 1810 mandam,

827 1845 950 1899 quo
972 1829 1179 1898 magis
1201 1844 1425 1884 sanum
1450 1829 1735 1886 duitafln
1757 1829 2036 1898 regimen
2059 1843 2180 1884 sua
2203 1829 2681 1900 importunitate
2703 1831 3037 1900 perturbat

828 1920 896 1974 et
918 1917 1253 1986 extinguit.

623 2039 821 2115 Capm.
847 2059 939 2100 xv.

1064 2039 1345 2116 Turpiter
1382 2048 1535 2100 errat
1572 2039 1722 2113 auis,
1765 2038 2070 2116 proprium
2109 2055 2230 2116 que
2271 2048 2530 2100 stercore
2570 2039 2800 2113 nidum,

988 2139 1177 2200 Cuius
1217 2138 1328 2199 en't
1367 2149 1585 2212 custos,
1627 2137 2039 2199 contaminare
2079 2136 2318 2198 studet:

989 2237 1275 2297 Dedecus
1315 2245 1406 2296 est
1444 2235 1564 2295 ciui
1604 2236 1782 2296 sociis
1823 2236 1926 2313 qui
1968 2235 2124 2295 tollit
2165 2234 2475 2310 honorem,

989 2334 1133 2410 Quo
1173 2334 1521 2410 campestris
1561 2333 1746 2393 habet
1785 2333 1922 2394 ciue
1961 2333 2156 2410 priora
2197 2333 2346 2392 looe.

987 2431 1101 2492 Est
1139 2432 1295 2492 inter
1333 2431 1623 2508 populum
1661 2429 1920 2492 furiosus
1961 2430 2183 2507 vbique
2223 2430 2544 2504 timendus,

990 2531 1213 2591 Saltem
1254 2530 1401 2590 dum
1440 2529 1707 2607 gladium
1746 2529 2015 2606 possidet
2055 2529 2184 2605 ipse
2223 2547 2448 2603 manu;
2923 2540 3030 2604 840

988 2629 1101 2688 Est
1141 2636 1232 2689 set
1270 2628 1335 2688 in
1374 2627 1521 2688 vrbe
1561 2628 1750 2704 magis
1790 2626 2051 2688 hominis
2091 2627 2418 2688 metuenda
2458 2636 2739 2704 potestas,

990 2726 1217 2787 Iudicis
1258 2725 1456 2786 officio
1496 2725 1644 2785 dum
1686 2725 1824 2785 furit
1865 2725 1994 2802 ipse
2033 2741 2166 2785 suo,
2238 2747 2250 2760 ·

988 2825 1216 2902 thote
1255 2824 1382 2884 sola
1422 2824 1673 2884 domum
1715 2823 1932 2900 poterit
1973 2822 2192 2882 sintilla
2231 2840 2512 2895 cremare,

988 2921 1088 2982 Sic
1128 2922 1320 2982 malus
1361 2922 1641 2998 indigena
1682 2921 1848 2981 solus
1887 2921 1951 2980 in
1993 2919 2136 2980 vrbe
2175 2930 2403 2998 grauat.

992 3021 1243 3081 Mutatis
1284 3019 1484 3080 subito
1524 3017 1703 3081 rebus
1747 3030 1957 3078 natura
1993 3019 2304 3097 gemescit,

990 3119 1073 3178 Et
1112 3119 1299 3196 magis
1342 3117 1579 3178 insolita
1618 3117 1698 3178 de
1740 3117 2008 3178 nouitate
2048 3117 2232 3189 dolet,

987 3217 1160 3279 Sorte
1198 3217 1511 3295 repentina
1550 3217 1697 3276 dum
1741 3233 1966 3294 pauper
2006 3215 2068 3274 in
2109 3213 2254 3274 vrbe
2293 3215 2540 3288 leuatur,

987 3315 1070 3374 Et
1111 3314 1249 3374 licet
1291 3314 1571 3392 indignus
1612 3314 1855 3374 culmen
1896 3313 2141 3374 honoris
2182 3311 2388 3373 habet.

988 3411 1169 3473 Vrbis
1211 3411 1489 3472 nobilitas
1529 3413 1747 3489 poterit
1788 3423 1935 3472 tunc
1976 3411 2240 3488 dampna
2281 3415 2511 3484 timere,

990 3511 1151 3572 Cum
1192 3529 1355 3571 noua
1394 3511 1709 3571 stultorum
1749 3509 1936 3587 gloria
1975 3508 2179 3568 laudat
2219 3526 2378 3569 eum.
2933 3518 3035 3582 850

990 3608 1229 3668 Atridet
1269 3609 1484 3668 stultus
1524 3608 1727 3680 stulte,
1771 3608 1858 3666 vir
1889 3606 2087 3684 iniqus
2129 3606 2356 3684 iniqu0,

990 3705 1231 3767 Gaudet
1271 3715 1543 3766 sensatus
1584 3723 1724 3765 cum
1767 3704 2036 3781 sapiente
2075 3703 2218 3764 viro,

989 3804 1277 3880 Asperius
1320 3804 1502 3863 nichil
1543 3813 1634 3864 est
1675 3802 1887 3862 humili
1931 3821 2068 3861 cum
2115 3802 2298 3879 surgit
2338 3801 2401 3860 in
2445 3803 2650 3876 altum,

993 3901 1215 3961 Saltem
1258 3919 1397 3961 eum
1440 3919 1645 3962 seruus
1687 3901 1949 3960 nascitur
1989 3901 2118 3977 ipse
2159 3899 2358 3977 prius;

993 3999 1175 4058 Mens
1215 4000 1461 4077 antiqua
1501 4009 1704 4060 manet
1745 3999 1901 4058 serui
1942 3999 2023 4058 de
2063 3997 2442 4073 condicione,

994 4096 1117 4155 Det
1156 4097 1431 4172 quamuis
1474 4116 1778 4158 summum
1819 4115 1948 4157 sors
1989 4093 2102 4156 sibi
2145 4096 2296 4155 ferre
2337 4106 2578 4156 statum.

992 4193 1056 4254 Si
1097 4195 1349 4254 cursoris
1390 4197 1530 4273 equi
1575 4196 1720 4256 sella
1761 4195 1837 4255 sit
1878 4193 2116 4255 Asellus
2157 4204 2418 4272 opertuS,

893 4327 1021 4390 Cap.
1048 4325 1397 4456 xngeading
1420 4343 1443 4377 ι
1470 4327 1587 4378 ciue
1610 4328 1699 4378 illo
1723 4327 1764 4379 S
1831 4327 1921 4379 illo
1943 4329 2057 4378 ciue
2074 4327 2414 4378 CEHGDLT
2609 4344 2641 4378 a
2665 4327 3030 4394 ministerium]

830 4405 1053 4456 officium
