3434 5142
812 450 897 493 22
1552 431 1730 494 vox
1786 430 2282 525 οιΑΜᾼΝΤιε

977 593 1195 669 Daque
1236 591 1513 669 magistra
1552 600 1661 651 tuo
1694 608 1957 669 congrua
1999 589 2180 651 verba
2217 588 2391 653 libro.

977 690 1265 767 Sornpnia
1305 707 1443 750 vera
1482 690 1749 767 quidem,
1791 706 2046 767 quorum
2090 690 2396 751 sentencia
2435 690 2636 754 cordis

980 788 1203 847 Intima
1242 786 1576 861 conturbat,
1620 788 1800 863 plena
1839 788 2052 847 timore
2092 805 2345 848 canam:

980 886 1186 946 Insula
1226 902 1409 963 quem
1451 885 1740 945 Pathmos
1781 886 2042 962 suscepit
2081 885 2146 945 in
2186 886 2552 965 Apoealipsi‚

976 982 1167 1045 Cuius
1208 1000 1323 1061 ego
1364 1000 1589 1044 nomen
1628 992 1816 1061 gesto,
1859 972 2152 1060 gubernet
2193 1001 2362 1061 opus.

888 1348 1006 1405 Hic
1025 1349 1309 1407 declarat
1329 1350 1398 1404 in
1412 1349 1631 1419 primi·
1646 1348 1766 1406 snb
1783 1349 1960 1405 cuiue
1979 1349 2152 1419 regie
2175 1349 2454 1419 imperio,
2471 1350 2542 1405 in
2563 1352 2792 1419 quibus
2816 1352 3017 1409 eciem

818 1452 1039 1493 menae
1074 1440 1141 1492 et
1176 1452 1367 1502 anno,
1403 1439 1535 1495 ieta
1568 1437 1692 1493 eibi
1729 1437 2112 1503 accidencia,
2155 1439 2335 1494 enine
2371 1442 2561 1495 tenor
2601 1440 3022 1509 sub-equitur,

822 1526 1251 1594 contingebat.
1322 1524 1734 1581 Commendat
1778 1526 2053 1595 insuper,
2095 1525 2434 1581 secundnm
2475 1526 2630 1581 mad
2671 1530 2834 1597 qnod
2879 1544 3022 1585 eene

823 1613 1094 1678 solebat,
1128 1612 1526 1669 fertilitatem
1562 1613 1734 1669 illius
1777 1616 1945 1669 terre
1986 1613 2098 1668 vbi
2135 1615 2274 1683 ipse
2315 1619 2466 1671 tunc
2507 1614 2740 1680 hietat,
2774 1617 2843 1670 in
2877 1631 3023 1685 qna,

824 1704 902 1757 vt
936 1700 1108 1767 dicit,
1144 1702 1420 1756 omnium
1457 1701 1642 1771 quani
1680 1716 1890 1757 rerum
1928 1700 2147 1765 delicie
2184 1704 2428 1772 pariter
2465 1704 2870 1760 conueniunt.
2941 1706 3024 1759 Et

824 1788 1099 1857 loquitur
1152 1790 1423 1845 viter-ius
1467 1788 1547 1845 de
1594 1788 1946 1845 amenitate
1991 1790 2317 1859 temporis,
2363 1805 2616 1847 necnon
2664 1794 2730 1847 et
2775 1792 2854 1848 de
2901 1791 3024 1846 diei

824 1876 1195 1942 serenitate,
1223 1893 1344 1946 qne
1374 1881 1528 1934 tunc
1562 1880 1782 1934 tamen
1813 1878 2172 1946 sompnium
2200 1879 2391 1935 nimie
2419 1878 2719 1937 horribile
2741 1880 3023 1951 precede·

827 1966 1002 2021 bant.

1554 2086 1804 2161 Incipit
1837 2086 2006 2147 liber
2041 2084 2350 2148 Primus.

679 2264 879 2340 Capm.
909 2263 943 2324 i.
1132 2258 1449 2341 ontigit'vt
1489 2272 1703 2339 quarto
1747 2260 1990 2323 Rioerdi
2031 2260 2184 2338 regis
2229 2262 2292 2321 in
2333 2279 2513 2337 anno,

1175 2362 1341 2420 Dum
1380 2361 1601 2420 clamat
1642 2376 1914 2421 mensem
1957 2358 2168 2420 lunius
2209 2377 2342 2421 esse
2383 2378 2577 2436 suurn,

990 2460 1165 2518 Luna
1204 2458 1409 2535 polum
1450 2458 1732 2535 linquens
1771 2455 1888 2517 sub
1928 2456 2118 2517 humo
2159 2476 2267 2518 sua
2307 2458 2536 2521 lumina
2575 2460 2803 2533 condit,

987 2558 1259 2633 Sponsus
1299 2564 1361 2616 et
1402 2557 1633 2617 Aurore
1675 2555 1916 2616 Lucifer
1953 2565 2118 2616 ortus
2159 2564 2320 2628 erat3

990 2656 1185 2732 Surgit
1220 2652 1298 2715 ab
1340 2672 1556 2715 occasu
1597 2672 1760 2715 noua
1800 2654 1916 2729 lux,
1960 2655 2191 2714 Aurora
2233 2653 2482 2734 refulget

992 2751 1172 2813 Orbis
1214 2749 1292 2812 ab
1334 2753 1587 2812 occidua
1627 2762 1812 2829 parte,
1853 2753 2128 2830 paritque
2169 2751 2372 2828 diem3

994 2852 1159 2911 Luce
1201 2849 1365 2910 diem
1406 2860 1635 2929 reparat
1674 2850 2069 2928 mirandaque
2107 2850 2337 2911 lumina
2377 2848 2606 2928 prebet,

995 2950 1162 3008 Dum
1202 2946 1341 3025 fuga
1382 2948 1485 3009 dat
1526 2956 1787 3023 noctem,
1831 2948 2054 3026 luxque
2092 2964 2328 3009 reuersa
2369 2948 2556 3009 diem.

991 3045 1168 3108 Clara
1210 3063 1557 3124 repercusso
1596 3045 1910 3107 radiabant
1951 3046 2178 3107 lumina
2220 3046 2452 3119 Pheb0‚

993 3144 1071 3204 Et
1112 3142 1293 3205 facies
1334 3144 1445 3205 celi
1486 3144 1605 3205 leta
1643 3144 1872 3206 refulsit
1912 3144 2139 3206 humo:
2972 3168 3033 3203 10

992 3241 1321 3320 Splendida
1364 3260 1541 3303 mane
1581 3242 1746 3303 videt
1786 3242 1972 3319 pulsis
2011 3244 2248 3303 Aurora
2284 3240 2569 3314 tenebriS‚

994 3341 1195 3416 Quam
1238 3352 1512 3418 spectans
1552 3340 1798 3402 hilarem
1841 3340 2112 3419 quisquis
2153 3341 2216 3399 in
2257 3338 2404 3405 orbe
2443 3340 2627 3402 colit:

992 3438 1327 3517 Purpureas
1368 3438 1686 3516 splendore
1727 3440 1883 3500 sores
1923 3449 1985 3500 et
2025 3438 2204 3515 plena
2244 3456 2510 3500 rosarum

994 3539 1164 3599 Atria
1203 3538 1490 3615 glorificat
1532 3539 1614 3598 de
1652 3538 1920 3598 nouitate
1961 3554 2084 3597 sua.

995 3636 1073 3697 ln
1114 3654 1289 3696 curru
1330 3634 1573 3696 Phebus
1613 3635 1786 3695 claris
1827 3634 2103 3695 rutilante
2143 3633 2470 3711 smaragdis

996 3733 1211 3794 Estuat
1252 3733 1314 3792 in
1358 3733 1596 3795 Cancro
1638 3732 1903 3793 feruidus
1943 3733 2083 3810 igne
2123 3750 2306 3793 nouo,

995 3831 1219 3895 Omnia
1258 3832 1559 3906 fecundat,
1605 3831 1806 3905 nutrit,
1849 3831 2033 3905 fouet,
2075 3838 2271 3907 auget,
2315 3827 2645 3903 habundat,

997 3928 1353 4006 Cunctaque
1393 3929 1669 4004 viuifioet,
1714 3947 1835 4006 que
1875 3946 2053 4001 mare,
2098 3938 2251 3989 terra
2291 3936 2472 3987 creat.

998 4027 1139 4102 Que
1178 4027 1393 4089 melius
1432 4036 1709 4105 poterant
1747 4037 1963 4087 ornant
2001 4022 2346 4087 redolencia
2385 4042 2644 4099 currum,

898 4188 967 4249 56
998 4184 1270 4237 conturbet
1292 4184 1341 4233 D
1411 4184 1722 4235 conturbent
1745 4182 1882 4235 CEG
1891 4181 1975 4232 L‘r
2169 4182 2238 4245 58
2271 4181 2442 4233 Huius
2463 4196 2591 4243 ergo
2617 4179 2711 4230 DL

898 4265 1028 4328 Cap.
1054 4265 1087 4315 i.
1122 4262 1367 4329 Heading
1398 4278 1419 4311 1
1459 4263 1620 4313 eciam
1652 4278 1758 4313 om.
1797 4262 1845 4311 D
2043 4274 2094 4323 ’3
2127 4259 2499 4322 contingebant
2522 4258 2616 4309 DL
2832 4274 2863 4321 4
2899 4266 3042 4310 terre

832 4342 971 4393 illius
992 4342 1041 4393 D
1170 4355 1204 4404 5
1237 4341 1467 4392 omnium
1486 4340 1530 4391 E
1597 4341 1736 4402 quod
1758 4339 1986 4391 omnium
2009 4336 2248 4391 CGDLT
2365 4352 2394 4399 7
2427 4337 2584 4387 nimie
2606 4336 2854 4391 horribile
2867 4352 2976 4391 om.
2999 4338 3042 4389 L

899 4419 1025 4484 Cap.
1050 4420 1085 4473 i.
1111 4434 1171 4470 12
1192 4420 1405 4470 hilarem
1432 4418 1481 4468 D
1544 4418 1780 4468 hiller-em
1803 4416 1940 4467 CEL
2143 4431 2206 4480 19
2230 4415 2269 4467 S
2295 4430 2514 4467 resumes
2531 4414 2642 4465 lum
