3434 5142
1061 472 1252 538 REX
1310 475 1520 540 CELI
1585 476 2033 543 DEUS'ETC.
2527 504 2649 563 343

609 634 777 693 Post
817 650 941 691 sua
981 632 1324 693 demerita
1361 632 1576 713 periit
1612 654 1737 697 sua
1776 655 2035 715 pompa.
2070 636 2329 717 sopita3

610 728 857 805 Qualis
899 740 1044 791 erat
1083 730 1244 805 vita,
1288 732 1568 793 cronica
1603 734 1826 795 stabit
1868 734 1985 796 ita.

649 902 946 978 Expndt
969 904 1264 967 cronica
1306 908 1751 981 presentibus
1792 878 1923 983 q'ue
1964 908 2220 969 futuris
2258 910 2443 984 vigili

935 1003 1142 1065 eorde
1182 1006 1490 1080 Regibus
1518 1006 2135 1070 commemoranda.

517 1277 814 1346 Sequitur
849 1293 1104 1336 carmen
1141 1282 1311 1337 vnde
1341 1281 1717 1351 magnificus
1750 1282 1889 1337 Rex
1920 1284 2144 1337 noster
2166 1280 2479 1339 Hem-icus
2508 1298 2643 1352 pre-

443 1366 709 1421 notatus
745 1368 911 1435 apud
946 1368 1129 1423 deum
1164 1372 1231 1423 et
1263 1366 1554 1424 homines
1591 1383 1731 1423 cum
1770 1369 1945 1423 omni
1981 1368 2421 1426 benediccione
2458 1370 2644 1439 glori-

443 1451 677 1507 ficetur.

782 1610 866 1652 Ex
907 1593 1022 1654 celi
1061 1596 1211 1655 deus
1255 1606 1317 1656 et
1356 1594 1656 1667 dominuS,
1701 1594 1807 1672 qui
1848 1604 2118 1673 tempora
2158 1598 2320 1656 solus

823 1688 1130 1765 Condidit,
1175 1703 1235 1751 et
1276 1694 1438 1752 solus
1479 1690 1725 1752 condita
1764 1704 1981 1751 cuncta
2021 1691 2185 1770 regit,

607 1786 729 1863 Qui
771 1808 965 1848 rerum
1007 1809 1216 1849 causas
1257 1810 1329 1851 ex
1371 1809 1436 1851 se
1478 1788 1774 1867 produxit,
1820 1800 1880 1849 et
1920 1808 2106 1848 vnum

607 1886 682 1944 In
723 1905 789 1946 se
829 1885 1187 1965 principium
1228 1886 1406 1947 rebus
1447 1886 1646 1947 inesse
1685 1885 1869 1959 dedit,

606 1982 730 2059 Qui
746 1971 752 1978 ¹
769 1983 938 2044 dedit
979 1995 1042 2043 vt
1082 1984 1278 2045 stabili
1321 1995 1490 2045 motu
1529 1982 1881 2044 consisteret
1922 1983 2099 2056 orbiS,

606 2078 784 2140 Fixus
826 2080 1162 2142 ineternum
1204 2081 1535 2143 mobilitate
1576 2101 1700 2155 sua,

605 2177 850 2255 Quique
891 2190 1106 2257 potens
1145 2179 1312 2240 verbi
1352 2178 1630 2258 produxit
1669 2180 1750 2240 ad
1790 2199 1921 2241 esse
1962 2192 2175 2253 creata,

604 2274 848 2354 Quique
889 2296 996 2337 sue
1037 2275 1253 2336 mentis
1293 2278 1424 2354 lege
1461 2276 1667 2354 ligauit
1707 2297 1797 2351 ea,

605 2376 746 2452 Ipse
786 2386 968 2453 caput
1008 2394 1231 2454 regum,
1276 2394 1442 2453 reges
1479 2395 1606 2453 quo
1645 2374 2063 2449 rectificantur,

603 2473 693 2532 Te
735 2491 856 2550 que
896 2484 1066 2533 tuum
1106 2492 1374 2550 regnum,
1419 2476 1552 2534 Rex
1591 2471 1708 2551 pie,
1752 2493 1941 2551 queso
1982 2486 2159 2552 regat.
2582 2500 2644 2535 ιο

603 2570 786 2629 Grata
827 2569 1252 2647 superueniens
1294 2580 1355 2630 te
1395 2568 1556 2631 misit
1594 2568 1792 2648 gracia
1832 2570 2026 2643 nobis,

602 2667 659 2727 Ο
701 2665 830 2728 sine
873 2668 1008 2728 labe
1049 2668 1210 2729 salus
1247 2668 1415 2727 nulla
1452 2686 1556 2744 per
1595 2676 1737 2727 ante
1778 2666 1925 2726 fuit:

601 2764 700 2824 Sic
741 2776 879 2825 tuus
919 2766 1217 2826 aduentus
1257 2784 1420 2825 noua
1459 2764 1678 2842 gaudia
1718 2776 1935 2842 sponte
1975 2764 2225 2837 reduxit,

601 2864 744 2939 Quo
783 2863 946 2943 prius
988 2863 1050 2923 in
1091 2866 1256 2923 luctu
1297 2861 1540 2923 lacrima
1582 2862 1770 2922 maior
1809 2874 1949 2922 erat.

599 2964 731 3021 Nos
773 2971 876 3021 tua
917 2960 1138 3021 milicia
1177 2960 1432 3038 pauidos
1472 2958 1762 3020 releuauit
1800 2959 1880 3019 ab
1920 2978 2079 3035 ymo,

599 3061 772 3135 Quos
813 3058 976 3137 prius
1015 3058 1310 3136 oppressit
1349 3056 1630 3135 ponderis
1671 3076 1857 3116 omne
1896 3059 2159 3116 malum:

600 3158 692 3215 Ex
732 3155 1028 3235 probitate
1069 3168 1190 3229 tua,
1232 3174 1358 3233 quo
1397 3174 1557 3214 mors
1599 3153 1868 3213 latitabat
1910 3153 1974 3213 in
2013 3154 2237 3227 vmbra,

597 3251 740 3312 Vita
778 3251 1088 3313 resurrexit
1129 3254 1290 3312 clara
1327 3269 1447 3329 que
1487 3269 1668 3328 regna
1707 3250 1892 3327 regit:

597 3349 696 3411 Sic
738 3362 841 3411 tua
881 3370 1007 3412 sors
1049 3360 1270 3411 sortem
1311 3347 1614 3409 mediante
1655 3349 1774 3408 deo
1817 3358 2165 3409 renouatum

596 3449 778 3509 Sanat
819 3460 880 3509 et
920 3447 1218 3520 emendat,
1263 3464 1384 3524 que
1422 3443 1584 3523 prius
1626 3464 1765 3523 egra
1803 3443 1931 3505 fuit.
2576 3470 2635 3505 20

597 3546 654 3607 O
695 3546 794 3625 pie
835 3566 952 3631 rex,
997 3544 1262 3608 Cristum
1301 3564 1408 3621 per
1449 3554 1509 3603 te
1549 3544 1882 3617 laudamuS,
1924 3552 1989 3604 et
2030 3542 2225 3622 ipsum

579 3625 720 3719 Qui
761 3643 870 3705 tibi
911 3663 1024 3704 nos
1065 3641 1268 3703 tribuit
1310 3652 1462 3702 terra
1501 3640 1704 3702 reviua
1743 3640 1921 3701 colit:

594 3740 931 3829 {affl-Q
971 3740 1074 3801 illa
1111 3739 1258 3814 dieS,
1304 3759 1423 3817 qua
1463 3750 1529 3800 tu
1571 3738 1680 3799 tibi
1723 3758 1904 3816 regna
1944 3738 2161 3817 petisti,

593 3840 848 3901 Sanctus
889 3850 950 3901 et
990 3838 1089 3903 ille
1129 3840 1300 3911 deuS,
1341 3837 1446 3916 qui
1487 3836 1595 3898 tibi
1637 3858 1824 3916 regna
1858 3837 2025 3898 dedit
2054 3842 2066 3897 Ξ

595 3938 716 4015 Qui
760 3936 869 3999 tibi
909 3937 1104 4019 prima
1141 3934 1291 4010 tulit,
1336 3937 1650 3997 confirmet
1689 3956 1873 4014 regna
1909 3937 2121 4008 futura,

495 4060 595 4120 488
611 4058 645 4108 f.
810 4058 900 4111 Sic
936 4058 1154 4113 diffinita
1186 4065 1290 4109 stat
1324 4058 1466 4119 regia
1499 4073 1616 4107 sors
1649 4056 1909 4117 stabilitam

715 4137 718 4142 '
837 4137 1002 4199 Regis
1033 4144 1088 4189 vt
1122 4142 1203 4186 est
1235 4138 1356 4199 vita,
1393 4136 1600 4186 cronica
1631 4134 1790 4184 stabit
1821 4132 1911 4185 ita.
1978 4132 2027 4183 G

496 4214 764 4263 Ennea.
829 4230 862 4263 2
888 4214 1118 4277 Regibus
1142 4214 1231 4263 SG
1296 4214 1488 4275 iugiter
1509 4211 1688 4262 CHHs

498 4293 618 4342 Rtx
651 4307 786 4357 ctu,
814 4296 910 4345 ate.
985 4292 1087 4347 Tlee
1115 4292 1269 4344 MSS.
1295 4290 1504 4353 referred
1530 4296 1579 4339 to
1595 4292 1693 4352 sor
1722 4290 1819 4339 this
1848 4288 1957 4340 and
1973 4290 2052 4339 the
2070 4296 2166 4341 two
2186 4290 2466 4357 succeed'ng
2481 4290 2630 4355 pisces

429 4388 514 4423 are
535 4371 802 4422 scHGHa
824 4370 936 4423 med
952 4371 1075 4439 (sor
1090 4372 1188 4421 31·ss
1201 4372 1328 4433 piace
1347 4369 1459 4419 and
1475 4370 1552 4418 the
1571 4372 1708 4431 next)
1732 4368 1811 4418 the
1838 4368 2109 4419 Tanti-am
2132 4368 2243 4421 MS.
2270 4370 2377 4435 (T).

497 4466 557 4501 12
589 4450 708 4515 Quo
731 4450 776 4501 T
975 4464 1036 4517 ¹5
1070 4448 1258 4503 milicia
1281 4449 1320 4500 S
1344 4449 1516 4515 (corr.)
1610 4448 1827 4498 milicia
1849 4447 2075 4499 cul-1⁸1·
