3434 5142
845 432 971 515 258

1549 426 1748 492 VOX
1806 426 2345 492 CLAMANTIS

1007 590 1302 668 Vaginam
1345 587 1552 648 siccus
1591 605 1801 648 mucro
1842 587 2043 649 subire
2083 598 2299 665 negat:

1009 688 1106 748 Fit
1146 696 1307 747 satur
1345 685 1578 746 hostilis
1617 685 1820 745 hostili
1860 686 2149 761 sanguine
2190 702 2416 759 mucro,

1007 788 1327 846 Armorum
1369 784 1558 862 pascit
1600 784 1905 861 sanguinis
1945 784 2105 843 vnda
2147 784 2303 842 sitim

1011 884 1176 944 Intra
1213 884 1487 959 vaginam
1527 900 1738 942 mucro
1778 892 2011 959 torpere
2052 892 2301 950 recusat,

1007 981 1326 1041 Euomitur
1365 980 1596 1058 gladius
1637 980 1767 1039 eius
1808 978 1887 1040 ab
1928 996 2031 1039 ore
2072 980 2245 1039 foras.

1007 1078 1173 1139 Sicut
1213 1097 1357 1157 aper
1396 1080 1656 1157 querulis
1697 1078 1863 1138 siluis
1905 1076 2211 1138 latratibus
2250 1088 2420 1138 actus

1007 1178 1268 1238 Letifero
1309 1178 1532 1239 celeres
1572 1178 1827 1238 conterit
1867 1194 1971 1237 ore
2011 1195 2208 1250 caneS,

1007 1274 1105 1335 Sic
1145 1276 1334 1353 magis
1373 1274 1632 1336 audaces
1672 1292 1861 1352 prope
1899 1292 1966 1335 se
2008 1292 2161 1352 quos
2200 1273 2392 1351 attigit
2432 1273 2649 1349 hostes,

932 1396 940 1407 ·
1006 1373 1324 1434 Fulmineo
1364 1372 1544 1449 gladii
1587 1373 1751 1432 triuit
1792 1373 1853 1431 in
1896 1388 2001 1432 ore
2040 1371 2149 1432 sui.

1005 1471 1250 1549 Singula
1289 1471 1629 1549 perdomuit
1670 1472 1793 1531 fera
1832 1470 2017 1548 prelia
2057 1488 2223 1530 more
2262 1469 2491 1544 leonis3

1007 1569 1401 1645 Depopulans
1442 1569 1698 1645 populos
1740 1569 1924 1628 forcia
1955 1577 2148 1627 castra
2186 1568 2339 1627 ruit:

1006 1665 1089 1726 Vt
1129 1667 1343 1744 predas
1383 1676 1626 1745 raperet,
1671 1666 1866 1725 audax
1906 1664 2219 1725 descendit
2260 1666 2321 1724 in
2363 1666 2581 1739 hostes,

1006 1763 1263 1823 Hostica
1303 1773 1444 1824 sunt
1483 1764 1611 1825 eius
1653 1764 1808 1823 colla
1848 1762 2095 1823 subacta
2136 1780 2355 1823 manu:

1005 1860 1178 1921 Colla
1219 1860 1610 1939 superborum
1652 1860 1867 1937 premit
1908 1860 2037 1920 eius
2079 1859 2284 1920 dextra
2324 1878 2429 1937 per
2469 1858 2675 1921 orbern
2704 1880 2718 1933 ;

1003 1958 1104 2020 Sic
1143 1958 1460 2037 leopardus
1502 1977 1577 2020 eo
1619 1958 1835 2019 dicitur
1877 1976 2008 2019 esse
2048 1958 2162 2019 leo.

1083 2058 1269 2117 Terra
1309 2056 1657 2135 quietafuit
1697 2056 1812 2117 sub
1853 2056 1957 2117 tali
1998 2056 2266 2134 principe
2306 2074 2544 2133 magno,

1006 2156 1147 2215 Non
1189 2165 1366 2217 terret
1403 2155 1635 2233 gladius
1677 2172 1832 2232 quos
1872 2155 2017 2233 tegit
2057 2154 2157 2214 illa
2196 2172 2449 2215 manus:

1004 2251 1131 2313 Sub
1173 2253 1307 2327 ficu,
1353 2251 1466 2313 sub
1507 2252 1626 2313 vite
1667 2270 1792 2327 sua,
1836 2252 1951 2313 sub
1993 2251 2222 2325 fronde,
2266 2250 2380 2312 sub
2420 2250 2645 2326 vmbra,

1005 2351 1280 2427 Quisque
1321 2360 1523 2411 manet
1563 2360 1729 2411 tutus
1772 2349 1989 2411 nobilis
2030 2368 2175 2411 ense
2216 2349 2422 2419 ducis:

1004 2448 1104 2509 Sic
1145 2446 1388 2508 robusta
1429 2466 1536 2507 sua
1576 2448 1757 2507 virtus
1798 2448 1932 2525 plus
1973 2447 2157 2525 surgit
2198 2448 2259 2506 in
2300 2448 2503 2523 altum,

1005 2546 1149 2606 Plus
1188 2546 1347 2623 viget
1387 2544 1560 2606 hoste
1603 2564 1732 2619 suo,
1777 2546 1913 2622 plus
1952 2546 2265 2623 probitatis
2306 2544 2505 2607 habet.

1005 2642 1064 2705 O
1105 2660 1222 2717 rex,
1267 2643 1422 2719 facta
1463 2642 1547 2701 tui
1589 2643 1779 2702 retine
1819 2641 1928 2702 tibi
1951 2642 2164 2719 -patriS,
2208 2653 2272 2703 vt
2314 2643 2413 2704 illa

1007 2742 1184 2814 Laus,
1227 2758 1409 2818 quam
1449 2741 1791 2818 promeruit,
1834 2741 1913 2800 sit
1951 2740 2268 2801 tribuenda
2308 2739 2434 2803 tibi.

1003 2838 1284 2899 Audaces
1325 2838 1559 2899 fortuna
1600 2838 1813 2897 iuuans
1854 2850 2231 2899 consummat
2272 2839 2333 2898 in
2375 2852 2578 2901 actum

1004 2937 1144 3019 Que
1183 2935 1297 2997 sibi
1337 2938 1465 3020 vult
1504 2937 1757 3010 animm,
1802 2947 1863 2997 et
1902 2938 2146 3014 pociora
2185 2935 2373 2999 dabit.

1004 3037 1128 3096 Pax
1168 3052 1345 3112 super
1384 3052 1566 3095 omne
1605 3033 1836 3095 bonum
1880 3036 2130 3109 scandit,
2174 3046 2264 3097 set
2306 3036 2551 3113 quando
2590 3036 2843 3117 probata

1003 3133 1238 3194 Bellum
1282 3134 1408 3192 iura
1449 3142 1676 3209 petunt,
1721 3133 1869 3194 illud
1910 3144 2145 3211 oportet
2185 3135 2315 3211 agi:

1003 3232 1115 3293 Est
1153 3243 1390 3308 tempus
1431 3230 1588 3305 belli,
1620 3231 1706 3291 sic
1748 3241 1889 3292 sunt
1930 3241 1991 3293 et
2030 3242 2301 3309 tempora
2342 3233 2522 3311 pacis,

1003 3328 1256 3390 Actibus
1297 3328 1360 3389 in
1401 3330 1633 3390 cunctis
1675 3341 1742 3390 tu
1784 3330 2171 3391 moderamen
2216 3329 2391 3391 habe.

1004 3430 1252 3501 Hector,
1298 3428 1653 3513 Alexander,
1697 3428 1932 3489 fuerant
1972 3428 2121 3491 dum
2162 3427 2507 3503 nobilioreS,

1003 3525 1220 3587 Sistere
1260 3524 1596 3603 disparibus
1639 3544 1763 3586 non
1805 3537 2054 3603 potuere
2094 3526 2273 3588 rotis:

1003 3625 1157 3683 Acta
1198 3624 1377 3702 patris
1417 3624 1608 3698 vince,
1653 3624 1962 3701 maiorque
2002 3622 2310 3684 vocaberis
2352 3624 2472 3699 illo,

991 3700 1279 3799 'Totaque
1319 3740 1434 3782 vox
1475 3722 1692 3783 clamet
1732 3722 1927 3782 laudis
1961 3712 2199 3782 honore
2240 3733 2360 3782 tue.

1002 3818 1212 3879 Rebus
1254 3820 1316 3878 in
1357 3820 1624 3897 aduersis
1665 3838 1745 3879 ne
1784 3820 1945 3880 laxes
1986 3821 2153 3879 frena
2192 3820 2407 3895 timori,

1003 3916 1064 3977 Si
1107 3916 1279 3977 dolor
1319 3918 1382 3976 in
1423 3927 1627 3978 mente
1668 3918 1761 3991 sit,
1808 3917 1939 3978 sine
1978 3928 2131 3979 teste
2172 3918 2346 3979 dole:

1000 4013 1064 4073 Si
1106 4014 1279 4074 dolor
1317 4013 1577 4076 incurrat
1617 4016 1905 4091 animum,
1950 4014 2242 4075 similacio
2282 4017 2515 4078 vultum

1001 4110 1222 4188 Erigat,
1266 4122 1327 4172 et
1367 4114 1546 4175 facies
1588 4124 1867 4192 contegat
1908 4113 2052 4174 inde
2092 4124 2359 4177 metum:

998 4208 1216 4291 Vultus
1256 4210 1552 4272 iocundus
1591 4213 1772 4272 timor
1812 4211 2086 4273 hostibus
2128 4222 2217 4273 est
2258 4222 2320 4273 et
2360 4212 2569 4275 amicis

999 4305 1226 4385 Gloria,
1265 4326 1406 4369 nam
1447 4308 1628 4370 facies
1669 4310 1891 4370 nuncia
1934 4311 2151 4371 mentis
2191 4311 2319 4375 erit.

1736 4436 1841 4486 979
1874 4422 1967 4488 ne]
1992 4420 2068 4471 nil
2090 4420 2134 4473 C

2950 1002 3060 1056 950
