3434 5142
1158 494 1455 564 ‚LIBER
1516 495 1972 574 QUARTUS
2557 503 2675 582 185

630 654 689 712 N
692 672 771 712 on
816 653 956 713 licet
996 671 1138 730 ergo
1178 654 1316 713 viris
1358 655 1687 714 monachas
1726 655 1948 716 violare
1987 667 2260 732 sacratas,

625 752 845 811 Velum
888 769 1150 828 namque
1191 770 1425 811 sacrum
1465 753 1634 830 signa
1675 753 1896 829 pudica
1935 755 2102 830 gerit.

627 850 893 909 Alterius
934 867 1217 926 sponsam
1259 868 1611 926 presumens
1652 851 1975 925 deuiolare,

630 947 831 1022 Quam
871 965 1053 1024 graue
1093 946 1329 1007 iudiciis
1368 957 1667 1024 perpetrat
1708 947 1837 1026 ipse
1877 951 2108 1010 scelus!

628 1044 825 1106 Crede
864 1055 1067 1105 tamen
1107 1045 1345 1122 grauius
1386 1056 1616 1122 peccat,
1661 1048 1764 1124 qui
1808 1047 2064 1108 claustra
2105 1048 2410 1111 resoluens

628 1143 923 1201 Presumit
963 1160 1246 1219 sponsam
1286 1142 1593 1203 deuiolare
1634 1143 1751 1204 dei.

529 1357 873 1425 Postquam
908 1358 1218 1413 tractauit
1252 1357 1329 1413 de
1368 1357 1501 1413 iuis
1541 1357 1649 1426 qui
1686 1359 1758 1412 in
1791 1358 2101 1428 relig-lone
2137 1361 2539 1429 poeseseoria
2575 1363 2673 1416 sui

465 1444 707 1500 ordinis
742 1445 1203 1514 professionem
1239 1445 1585 1512 offendunt,
1628 1445 1958 1502 dicendum
1993 1450 2096 1504 est
2131 1447 2261 1502 iam
2295 1449 2372 1504 de
2404 1449 2533 1504 hiis
2568 1451 2675 1517 qui

462 1534 680 1588 errant
703 1533 774 1588 in
797 1533 1016 1588 ordine
1048 1533 1321 1588 fratrum
1355 1534 1888 1597 mendicancium3
1923 1537 1989 1592 et
2024 1535 2228 1604 primo
2260 1537 2427 1591 dicet
2447 1537 2525 1592 de
2545 1537 2677 1592 illis

462 1620 567 1687 qui
616 1621 733 1675 nub
780 1619 923 1676 ficte
971 1622 1371 1690 paupertatis
1418 1622 1647 1676 vmbra
1688 1625 1945 1677 terrena
1990 1623 2166 1678 lucra
2211 1624 2675 1693 conspirantem

464 1708 649 1776 quasi
670 1709 876 1764 tocius
898 1709 1114 1764 mundi
1138 1709 1483 1764 dominium
1508 1710 1946 1779 subiugat-unt.

238 1833 437 1908 Capm.
471 1831 582 1890 xvi.
712 1832 873 1890 Dum
918 1831 1028 1890 fuit
1070 1833 1133 1892 in
1176 1831 1363 1906 terris,
1408 1850 1532 1893 non
1575 1851 1790 1892 omnes
1831 1851 1984 1909 quos
2027 1831 2142 1892 sibi
2182 1832 2324 1910 legit

627 1928 876 2002 Cristus,
923 1940 1091 1989 erant
1133 1929 1255 2002 fidi,
1302 1930 1433 2007 lege
1474 1941 1740 1989 nouante
1780 1929 1916 1990 dei:

629 2026 770 2086 Non
814 2035 1019 2086 tamen
1062 2035 1155 2086 est
1196 2044 1399 2104 equm,
1444 2027 1611 2102 quod
1652 2027 1882 2086 crimen
1924 2027 2349 2104 preuaricantis

626 2123 819 2184 Ledat
859 2142 965 2184 eos
1005 2134 1228 2184 rectam
1271 2124 1372 2201 qui
1417 2123 1655 2184 coluere
1698 2124 1898 2184 fidem.
2569 2134 2672 2184 680

625 2222 723 2281 Sic
763 2223 975 2282 sterilis
1017 2223 1185 2282 locus
1226 2232 1315 2282 est
1357 2222 1573 2293 nullus,
1617 2221 1784 2299 quod
1828 2239 1952 2282 non
1994 2221 2072 2282 sit
2112 2222 2174 2282 in
2217 2221 2320 2282 illo

625 2320 819 2378 Mixta
859 2318 1187 2397 reprobatis
1228 2319 1383 2379 vtilis
1424 2311 1611 2380 herba
1651 2319 1863 2393 malis;

625 2417 684 2475 N
687 2435 757 2476 ec
799 2417 1094 2477 secundus
1136 2416 1219 2476 ita
1262 2417 1430 2478 locus
1472 2427 1581 2490 est,
1628 2434 1752 2493 quo
1793 2434 1918 2476 non
1960 2415 2279 2494 reprobata

626 2515 819 2574 Mixta
861 2515 937 2575 sit
976 2514 1219 2575 vtilibus
1260 2515 1446 2576 herba
1486 2515 1705 2576 nociua
1746 2513 1957 2576 bonis:

624 2613 779 2670 Tam
821 2631 1021 2689 neque
1062 2613 1352 2674 iustorum
1394 2622 1509 2673 stat
1551 2613 1766 2674 concio
1808 2613 1925 2672 lata
1967 2612 2244 2687 virorum,

624 2709 736 2770 Est
776 2710 995 2787 quibus
1037 2710 1239 2770 iniusti
1281 2711 1489 2772 mixtio
1530 2711 1693 2772 nulla
1735 2711 1856 2772 viri.

626 2807 726 2866 Sic
767 2808 1160 2880 excusandOS,
1201 2827 1355 2885 quos
1396 2818 1639 2870 sanctos
1679 2806 1973 2886 approbat
2013 2808 2182 2882 ord0,

626 2907 857 2966 Fratres
899 2907 1196 2966 consimili
1238 2907 1365 2967 iure
1406 2909 1622 2968 fatetur
1662 2925 1855 2984 opus:

625 3005 768 3064 Non
809 3005 948 3064 volo
989 3022 1098 3081 pro
1138 3004 1345 3080 paucis
1386 3004 1724 3065 diffundere
1764 3004 1992 3064 crimen
2034 3003 2097 3062 in
2137 3021 2372 3078 omnes»,

624 3102 937 3178 Spectetur
978 3101 1205 3162 meritis
1247 3100 1500 3179 quilibet
1541 3101 1730 3163 immo
1771 3102 1935 3176 suis;
2571 3111 2674 3178 690

627 3199 800 3274 Quos
840 3208 1043 3259 tamen
1084 3217 1245 3260 error
1286 3200 1423 3276 agit,
1469 3200 1717 3259 veniens
1759 3217 1876 3276 ego
1915 3199 2170 3258 nuncius
2213 3199 2344 3273 illis,

624 3298 764 3373 Que
804 3298 987 3358 michi
1027 3317 1143 3358 vox
1184 3297 1392 3358 tribuit
1433 3295 1615 3357 verba
1652 3296 1962 3374 loquenda
2003 3297 2144 3357 sero,

625 3396 790 3455 Sicut
831 3405 1033 3473 pastor
1072 3413 1237 3470 oues,
1284 3396 1369 3455 sic
1410 3404 1677 3478 segregat
1718 3395 1882 3454 istud
1921 3393 2002 3455 ab
2042 3394 2173 3454 edis

626 3494 799 3568 Quos
840 3512 993 3571 opus
1032 3512 1070 3553 a
1111 3493 1378 3570 reprobis
1419 3493 1669 3554 senserit
1710 3491 1864 3552 ordo
1904 3492 2162 3568 probos:

626 3592 766 3666 Que
805 3591 995 3668 magis
1036 3591 1212 3652 huius
1254 3591 1439 3652 habet
1478 3591 1641 3651 vocis
1685 3591 1992 3651 sentencia
2034 3589 2292 3650 scribam

625 3690 765 3750 Hiis
807 3708 960 3767 quos
1000 3700 1394 3767 transgressos
1434 3691 1569 3766 plus
1612 3699 1782 3749 notat
1822 3689 1973 3750 ordo
2015 3675 2163 3750 reos

624 3787 895 3848 Crimina
934 3805 1055 3864 que
1098 3787 1283 3848 Iudas
1323 3789 1623 3849 commisit
1665 3805 1892 3864 ponere
1934 3789 2114 3847 Petro

622 3885 799 3956 Nolo,
846 3887 993 3945 serat
1034 3877 1339 3962 pr'oprium
1380 3885 1621 3963 pondus
1662 3895 1912 3961 vterque
1955 3903 2149 3944 suum.

623 3982 868 4042 Ordinis
910 3983 1105 4042 officia
1144 3985 1333 4044 fateor
1374 3983 1547 4060 primi
1590 3984 1718 4044 fore
1759 3993 1987 4055 sancta,

624 4081 771 4139 Eius
814 4091 874 4140 et
914 4091 1187 4142 auctores
1228 4082 1500 4157 primitus
1542 4099 1673 4141 esse
1714 4081 1890 4155 pios;
2573 4101 2671 4156 700

626 4179 763 4238 Hos
806 4178 909 4255 qui
952 4179 1341 4256 consequitur
1383 4179 1558 4238 frater
1598 4187 1804 4238 manet
1848 4177 1948 4237 ille
1989 4175 2220 4252 beatuS,

623 4275 747 4350 Qui
790 4276 1085 4337 mundum
1128 4295 1385 4336 renuens
1428 4275 1622 4352 querit
1662 4273 1886 4336 habere
1928 4274 2128 4348 deum,

625 4375 749 4449 Qui
790 4373 903 4434 sibi
946 4375 1291 4452 pauperiem
1334 4374 1657 4434 claustralis
1697 4373 1966 4451 adoptat,
2009 4383 2070 4434 et
2110 4374 2265 4434 vltro

626 4473 811 4532 Hanc
850 4473 1015 4550 gerit,
1061 4483 1123 4535 et
1164 4474 1405 4551 paciens
1446 4472 1672 4534 ordinis
1712 4483 1848 4534 acta
1887 4471 2084 4534 subit:
