3434 5142
739 460 815 523 18
1223 406 1231 414 ’
1537 458 1734 524 vox
1793 457 2334 525 CLAMANTIS

1060 629 1183 681 tam
1231 618 1505 683 fallibiles
1561 621 1621 681 in
1678 620 1772 681 sui
1827 619 2222 698 preiudicium
2275 620 2360 682 ita
2411 620 2690 682 ardenter
2744 616 2858 679 sibi
2913 618 3142 695 appetit

1064 728 1125 780 et
1172 718 1485 795 conspirat.

738 812 933 895 Capm.
966 817 1098 877 xvii.
1146 818 1271 877 Hic
1308 816 1571 894 loquitur
1609 816 1864 895 qualiter
1899 818 2104 877 omnia
2139 826 2200 877 et
2237 816 2470 893 singula
2513 815 2751 895 mundi,
2772 816 2947 878 huius
2989 820 3144 879 sicut

1061 916 1483 975 vestimentum
1524 924 1915 988 veterascunt,
1960 924 2022 976 et
2069 915 2240 992 quasi
2287 914 2650 991 sompnifera
2697 914 2759 972 in
2809 913 2928 975 ictu
2977 917 3142 982 oculi

1059 1011 1451 1074 clauduntur:
1507 1012 1770 1089 loquitur
1813 1012 2004 1073 eciam
2053 1012 2134 1073 de
2174 1012 2379 1072 mortis
2425 1012 2714 1071 memoria
2757 1022 2818 1071 et
2869 1013 3142 1076 eiusdem

1061 1110 1322 1170 nominis
1364 1110 1823 1187 significacione.

738 1205 935 1284 Capru.
965 1206 1122 1267 xviii.
1166 1207 1290 1269 Hic
1318 1208 1581 1284 loquitur
1608 1208 1794 1285 quod,
1823 1209 2099 1286 quamuis
2127 1208 2296 1268 iustis
2321 1217 2384 1267 et
2412 1206 2647 1267 iniustis
2673 1224 2826 1267 vnus
2864 1207 2940 1267 sit
2979 1219 3144 1268 natu·
3229 1261 3242 1275 .

1061 1304 1259 1365 raliter
1298 1304 1587 1379 interitus,
1630 1324 1792 1366 mors
1832 1316 2037 1366 tamen
2078 1306 2216 1365 iusti
2257 1322 2470 1365 omnes
2517 1304 2836 1365 exsoluens
2877 1305 3145 1365 miserias

1062 1402 1192 1463 eius
1219 1402 1496 1479 spiritum
1522 1402 1709 1479 glorie
1738 1403 1935 1463 reddit
1963 1403 2340 1479 sempiterne.

740 1500 934 1577 Capm.
968 1500 1078 1559 xix.
1126 1502 1251 1559 Hic
1277 1501 1539 1577 loquitur
1566 1500 1645 1561 de
1671 1501 1940 1579 dupplici
1961 1512 2154 1561 morte
2181 1501 2529 1578 peccatoris,
2553 1518 2670 1560 vna
2691 1518 2763 1561 ex
2789 1518 2910 1576 qua
2929 1517 3147 1576 corpus

1062 1597 1163 1657 hic
1204 1600 1534 1671 resoluitur,
1566 1598 1682 1659 alia
1722 1617 1796 1660 ex
1835 1616 1956 1675 qua
1995 1598 2182 1677 digno
2222 1596 2321 1658 dei
2364 1597 2590 1658 iudicio
2631 1598 2802 1676 penis
2845 1598 3148 1675 perpetuis

1060 1697 1261 1756 anima
1288 1698 1597 1757 cruciatur.

741 1792 935 1871 Capm.
968 1812 1059 1853 xx.
1107 1796 1433 1871 Postquam
1470 1794 1549 1855 de
1584 1794 1818 1872 gaudiis
1856 1803 1916 1853 et
1959 1793 2130 1871 penis
2171 1812 2290 1871 que
2331 1792 2508 1854 bonis
2547 1802 2608 1854 et
2645 1792 2816 1852 malis
2852 1790 3149 1853 debentur

1065 1892 1354 1966 tractauit,
1384 1892 1644 1952 consulit
1670 1892 1912 1952 vlterius
1949 1892 2116 1969 quod
2153 1892 2565 1969 vnusquisque
2601 1890 2681 1950 ad
2717 1889 2912 1951 bonos
2951 1908 3162 1951 mores.

1064 2008 1131 2050 se
1156 2000 1482 2063 conuertat,
1509 2000 1569 2051 et
1597 1989 1676 2050 de
1703 1990 1818 2050 hiis
1847 2008 1968 2068 que
1993 1990 2358 2066 negligenter
2385 1990 2600 2059 omisit,
2622 1988 2851 2065 absque
2877 1987 3150 2065 despera-

1064 2086 1241 2148 cione
1266 2088 1555 2149 contritus
1583 2087 2028 2166 indulgenciam
2055 2106 2091 2146 a
2113 2086 2231 2146 deo
2259 2086 2633 2146 confidenter
2661 2086 2954 2162 imploret.

744 2182 937 2261 Capm.
968 2183 1080 2243 xxi.
1127 2185 1254 2245 Hic
1294 2185 1557 2262 loquitur
1595 2187 1765 2262 quod
1803 2196 1944 2246 sunt
1985 2184 2174 2246 modo
2219 2184 2413 2260 pauci,
2458 2182 2561 2259 qui
2603 2191 2706 2241 aut
2747 2192 2989 2259 propter
3033 2183 3147 2243 celi

1064 2282 1341 2341 affectum
1384 2292 1488 2342 aut
1525 2283 1805 2359 gehenne
1843 2293 2072 2343 metum
2114 2282 2291 2341 huius
2333 2281 2452 2341 vite
2493 2279 2896 2357 voluptatibus
2938 2298 3148 2341 renun-

1066 2378 1264 2454 ciant3
1318 2390 1409 2439 set
1450 2398 1815 2457 quecunque
1855 2398 1994 2440 caro
2035 2379 2424 2455 concupiscit,
2468 2380 2638 2438 omni
2679 2379 3012 2456 postposita
3059 2398 3150 2439 ra-

1064 2477 1241 2538 cione
1266 2477 1584 2537 ardencius
1611 2478 1897 2555 perficere
1924 2464 2232 2539 conantur.

746 2573 942 2653 Capm.
968 2574 1102 2634 xxii.
1150 2574 1275 2635 Hic
1316 2575 1578 2653 loquitur
1618 2576 1698 2637 de
1739 2577 1914 2637 variis
1955 2577 2232 2639 vindictis
2281 2576 2598 2639 occasione
2647 2576 2877 2654 peccati
2922 2574 2986 2634 in
3033 2575 3150 2635 hoc

1066 2672 1270 2734 seculo
1298 2674 1417 2734 iam
1446 2676 1617 2752 quasi
1643 2676 1869 2737 cotidie
1895 2675 2400 2754 contingentibuS,
2431 2694 2552 2753 que
2586 2674 2821 2752 absque
2857 2675 3151 2735 iustorum

1069 2772 1325 2832 virorum
1354 2774 1578 2834 meritis
1606 2784 1667 2836 et
1694 2771 2076 2835 oracionibus
2104 2776 2438 2835 nullatenus
2467 2773 2659 2834 sedari
2689 2782 2986 2850 poterunt.

746 2866 939 2944 Capm.
974 2868 1125 2927 niii.
1172 2870 1298 2929 Hic
1318 2871 1581 2949 loquitur
1598 2872 1713 2933 sub
1735 2872 2100 2950 compendio
2122 2871 2569 2949 recapitulando
2586 2872 2840 2933 finaliter
2861 2872 2940 2934 de
2959 2872 3154 2948 singu-

1068 2966 1141 3026 lis
1178 2968 1386 3029 mundi
1426 2969 1725 3045 gradibus,
1765 2971 1870 3048 qui
1905 2970 2244 3049 singillatim
2283 2990 2320 3031 a
2357 2970 2566 3031 debito
2603 2969 2914 3031 deuiantes
2942 2969 3156 3030 ordine

1067 3066 1311 3126 virtutes
1352 3065 1750 3128 diminuendo
1788 3070 2115 3146 extingunt,
2146 3078 2207 3129 et
2243 3088 2315 3130 ea
2353 3088 2472 3147 que
2513 3069 2800 3130 viciorum
2837 3078 2976 3129 sunt
3015 3085 3155 3144 aug-

1070 3162 1399 3223 mentando
1426 3163 1832 3241 multipliciter
1857 3175 2149 3225 exercent.

746 3258 945 3338 Capm.
973 3258 1155 3320 xxiiii.
1200 3261 1329 3321 Iam
1353 3262 1417 3321 in
1444 3262 1566 3323 fine
1592 3260 1728 3323 libri
1756 3264 2018 3340 loquitur
2045 3265 2233 3343 magis
2261 3266 2322 3325 in
2361 3264 2603 3341 speciali
2631 3263 2710 3324 de
2737 3262 2925 3341 patria
2960 3262 3063 3324 illa
3089 3264 3154 3322 in

1070 3375 1190 3435 qua
1210 3358 1338 3436 ipse
1358 3370 1533 3421 natus
1562 3360 1767 3436 fuerat,
1797 3361 1897 3421 vbi
1926 3362 2095 3439 quasi
2125 3362 2467 3440 plangendo
2493 3362 2878 3439 conqueritur
2903 3361 3154 3437 qualiter

1068 3456 1329 3517 honores
1356 3468 1417 3518 et
1442 3458 1688 3520 virtutes
1726 3468 1954 3519 veteres
1985 3477 2022 3519 a
2061 3460 2233 3519 variis
2270 3456 2498 3520 ibidem
2539 3457 2833 3521 erroribus
2873 3475 3158 3535 superue-

1067 3553 1387 3629 nientibus,
1418 3565 1482 3615 vt
1509 3556 1741 3629 dicitur,
1771 3556 1851 3617 ad
1879 3574 2123 3633 presens
2151 3558 2556 3635 multipliciter
2585 3564 2963 3617 eneruantur.

747 3649 944 3727 Capm.
972 3668 1103 3711 xxv.
1148 3650 1274 3711 Hic
1313 3650 1578 3728 loquitur
1608 3653 1860 3730 qualiter
1897 3671 1970 3713 ea
2012 3672 2132 3729 que
2169 3655 2232 3713 in
2276 3654 2393 3715 hoc
2433 3652 2694 3731 presenti
2737 3651 2943 3713 libello
2984 3650 3156 3731 quasi

1068 3748 1469 3824 sompniando
1507 3748 1587 3808 de
1628 3750 1844 3809 mundi
1886 3751 2120 3827 scripsit
2164 3750 2479 3826 erroribus,
2512 3769 2636 3811 non
2679 3768 2754 3811 ex
2793 3767 2861 3809 se
2900 3759 3153 3822 tantum,

1068 3852 1159 3905 set
1186 3861 1261 3904 ex
1286 3843 1479 3922 plebis
1505 3862 1655 3905 voce
1681 3846 1992 3906 communi
2027 3848 2326 3923 concepit.
2415 3846 2694 3909 Consulit
2731 3856 2936 3908 tamen
2973 3848 3160 3908 finali-

1068 3951 1159 4003 ter
1184 3942 1365 4019 quod‚
1402 3943 1589 4019 siquis
1626 3942 1772 4003 inde
1813 3963 1880 4005 se
1919 3945 2281 4022 culpabilem
2325 3947 2568 4020 senciat,
2600 3947 2947 4024 priusquam
2981 3943 3158 4006 nobis

1066 4038 1271 4116 peiora
1296 4041 1624 4103 succedant
1653 4052 1940 4119 tempora,
1971 4062 2140 4104 suam
2169 4062 2243 4105 ex
2271 4044 2482 4105 humili
2512 4045 2697 4106 corde
2725 4046 2966 4123 culpam
2994 4044 3160 4121 peni-

1070 4144 1204 4197 tens
1232 4136 1532 4199 emendet.

811 4288 936 4340 xvii.
958 4304 992 4352 3
1024 4290 1188 4339 eciam
1212 4288 1251 4340 S
1317 4290 1481 4339 eciam
1504 4292 1558 4340 in
1583 4292 1797 4355 speciali
1820 4292 1960 4343 CED
2148 4294 2290 4343 xviii.
2321 4310 2342 4343 1
2375 4296 2520 4357 quod
2542 4293 2803 4359 quamuis]
2825 4291 3086 4357 quomodo
3109 4292 3159 4341 D

744 4368 849 4417 xix.
874 4384 909 4419 a
942 4366 983 4417 S
1004 4366 1099 4417 has
1117 4368 1215 4417 lost
1233 4374 1329 4417 two
1348 4368 1506 4419 leaves
1526 4370 2008 4430 (resoluitur—Lib.
2034 4370 2074 4422 Ι.
2099 4372 2132 4422 i.
2163 4374 2266 4434 18).
2339 4372 2670 4436 Tar-esuum
2689 4372 2733 4423 C
2952 4368 3104 4420 xxiii.
3127 4387 3162 4430 4

741 4454 1023 4497 excel-cent
1045 4444 1133 4495 ΟΕ
1289 4447 1449 4497 xxiiii.
1473 4462 1505 4495 n
1539 4447 1673 4513 ipse]
1698 4447 1787 4497 ille
1812 4448 1860 4496 D
2014 4465 2046 4509 4
2079 4458 2398 4501 enan-uantur
2419 4447 2462 4501 C
2622 4466 2743 4501 xxv.
2770 4464 2804 4514 5
2837 4449 3046 4513 penituz
3067 4447 3170 4509 ΟΕ,
