3434 5142
2467 0 2482 4 -r
2504 0 2550 7 -ss—
2567 0 2764 9 -w—ns—r-

980 486 1437 552 PROLOGUS
1495 488 1736 550 LIBRI
1788 488 2044 550 PRIMI
2539 504 2622 547 21.

574 648 806 707 Primos
845 664 1019 708 sume
1058 644 1247 725 pedes
1286 645 1601 708 Godei'ridi
1639 646 1871 725 desque
1913 646 2190 719 Iohanni,
2713 644 2762 694 N
2764 654 2864 724 ota·
2917 650 2984 699 de
3055 650 3262 701 nomine

575 745 1065 823 Principiumque
1105 745 1199 804 sui
1240 745 1453 805 Wallia
1492 744 1695 823 iungat
1737 745 1866 805 eis:
2646 710 2894 763 ¹⁰¹¹⁸¹²¹¹¹⁸
2933 714 3141 767 Gower.

572 842 693 903 Ter
730 852 911 919 oeput
949 843 1233 903 amittens
1272 842 1377 904 det
1414 852 1612 903 cetera
1650 839 1938 915 membra,
1982 858 2104 919 que
2141 838 2246 901 tali

572 936 858 1001 Carmine
898 940 1219 1017 compositi
1262 940 1523 1000 nominis
1562 939 1715 1000 ordo
1755 948 1940 1017 patet.

570 1036 669 1097 Tu
710 1046 913 1098 tamen
956 1037 1037 1097 ad
1078 1036 1273 1098 scribe
1313 1037 1556 1099 laudem
1598 1036 1683 1096 nil
1723 1053 1902 1113 pone,
1945 1034 2056 1097 sed
2095 1034 2259 1095 illam

572 1134 848 1211 Concipe
887 1135 1197 1196 materiam
1238 1153 1421 1213 quam
1462 1134 1573 1196 tibi
1614 1134 1832 1212 scripta
1872 1132 2124 1194 dabunt.

574 1232 733 1293 Nam
774 1232 962 1293 nichil
1003 1241 1066 1293 vt
1105 1232 1315 1294 lauder
1354 1232 1628 1307 scribam,
1670 1250 1998 1309 curamque
2037 1230 2217 1291 futuri

572 1329 854 1391 Nominis
897 1339 960 1391 vt
1000 1346 1247 1407 queram
1290 1348 1415 1391 non
1456 1348 1627 1390 meus
1666 1340 1837 1390 actus
1877 1327 2082 1389 habet.

568 1428 741 1504 Quos
783 1446 919 1489 mea
957 1437 1111 1489 terra
1153 1428 1323 1489 dedit
1362 1446 1535 1489 oesus
1578 1428 1860 1488 nouitatis
1899 1424 2103 1499 adibo,

570 1526 726 1585 Nam
769 1526 905 1603 pius
946 1537 1036 1587 est
1077 1527 1266 1603 patrie
1306 1527 1462 1587 facta
1503 1526 1717 1587 referre
1757 1524 1945 1586 labor.
2545 1544 2610 1594 30

567 1625 754 1701 Quod
795 1626 979 1685 michi
1020 1625 1161 1687 flere
1200 1625 1341 1686 licet
1382 1622 1637 1685 scribam
1678 1621 2044 1684 lacrimabile
2084 1630 2338 1700 tempus,

566 1722 665 1783 Sic
705 1723 875 1807 quod
917 1724 979 1784 in
1019 1724 1363 1803 exemplum
1403 1722 1764 1802 posteritatis
1803 1732 1920 1783 eat.

566 1820 809 1886 Flebilis
848 1831 913 1883 vt
954 1832 1157 1883 noster
1195 1804 1385 1883 statiis
1425 1831 1532 1896 est,
1576 1822 1659 1881 ita
1700 1820 1901 1882 flebile
1940 1830 2204 1893 cannen,

564 1918 821 1981 Materie
856 1920 1081 1997 scripto
1120 1920 1521 1981 conueniente
1558 1936 1687 1981 sue.

565 2015 767 2078 Omne
806 2017 975 2095 quod
1015 2026 1107 2077 est
1146 2018 1325 2079 huius
1350 2016 1559 2094 ,operis
1599 2013 1982 2089 lacrimabile,
2025 2014 2214 2075 lector

564 2115 861 2193 Scriptum
902 2116 983 2178 de
1022 2116 1279 2177 lacrimis
1319 2125 1561 2177 censeat
1604 2133 1738 2177 esse
1777 2116 1970 2175 meis:

564 2214 809 2274 Penna
847 2216 1087 2275 madet
1128 2215 1383 2275 lacrimis
1423 2214 1539 2276 hec
1578 2231 1679 2275 me
1720 2213 2020 2273 scribente
2059 2210 2332 2289 profusiS,

563 2311 891 2389 Dumque
932 2314 1120 2375 feror
1158 2312 1437 2387 studiis,
1480 2330 1603 2373 cor
1641 2311 1880 2373 tremit
1918 2320 2136 2389 atque
2175 2326 2437 2370 manus.

562 2408 832 2471 Scribere
870 2428 1133 2489 cumque
1172 2412 1327 2485 volo,
1372 2411 1556 2470 michi
1596 2409 1865 2487 pondere
1905 2426 2108 2485 proesa
2145 2404 2364 2469 laboris

562 2506 674 2569 Est
710 2526 944 2583 manus,
988 2519 1048 2569 et
1086 2510 1239 2570 vires
1280 2507 1573 2569 subtrahit
1614 2507 1758 2569 inde
1795 2506 1991 2567 timor.
2534 2530 2600 2577 40

561 2605 685 2681 Qui
727 2606 915 2684 magis
956 2606 1231 2685 inspiciet
1269 2625 1423 2684 opus
1462 2605 1641 2680 istud,
1684 2614 1924 2683 tempus
1963 2612 2026 2665 et
2064 2604 2310 2678 instanS,

560 2702 840 2765 Inueniet
878 2714 1008 2765 toto
1047 2705 1311 2766 carmine
1349 2704 1527 2777 dulce
1567 2704 1769 2764 nichil.

559 2800 621 2861 Si
661 2819 779 2862 vox
818 2802 880 2861 in
923 2800 1109 2880 fragili
1148 2801 1333 2863 michi
1371 2812 1614 2880 pectore
1654 2801 1880 2861 firmior
1917 2810 2092 2874 esset,

561 2898 859 2975 Pluraque
897 2916 1037 2959 cum
1079 2898 1295 2977 linguis
1336 2896 1605 2976 pluribus
1646 2916 1751 2959 ora
1789 2898 2003 2971 forent,

559 2996 700 3056 Hec
739 3005 943 3057 tamen
982 2995 1063 3057 ad
1105 3014 1349 3074 presens
1391 2996 1563 3070 mala,
1609 3013 1731 3073 que
1771 3006 1912 3057 sunt
1951 2995 2236 3073 temporis
2276 2994 2468 3068 huius

559 3091 703 3153 Non
744 3092 927 3153 michi
968 3092 1253 3171 possibile
1292 3094 1493 3156 dicere
1532 3104 1752 3155 cuncta
1791 3092 1965 3155 foret.

559 3192 811 3251 Pectora
850 3192 938 3251 sic
980 3210 1115 3253 mea
1153 3202 1294 3253 sunt
1334 3192 1481 3253 limo
1522 3192 1736 3252 viciata
1775 3192 2088 3265 malorum,

558 3286 745 3363 Quod
784 3306 1027 3350 carmen
1066 3308 1221 3352 vena
1260 3290 1609 3369 pauperiore
1650 3288 1811 3351 fluet.

560 3387 801 3464 Poplice
839 3398 1151 3449 contracto
1189 3398 1369 3449 restat
1408 3387 1649 3467 grandis
1686 3387 1785 3449 via
1824 3388 2043 3461 Rome,

556 3484 637 3544 Et
676 3484 920 3547 modico
960 3504 1141 3548 sensu
1180 3486 1407 3565 grande
1445 3484 1683 3547 libellus
1723 3503 1894 3564 opus.
2529 3508 2597 3560 50

554 3582 656 3642 Sic
695 3584 931 3644 veniam
972 3602 1082 3662 pro
1121 3584 1300 3646 laude
1338 3594 1499 3663 peto,
1542 3602 1679 3645 mea
1718 3600 1983 3661 namque
2022 3582 2296 3645 voluntas

556 3680 667 3741 Est
705 3680 883 3756 bona,
927 3684 1002 3743 sit
1041 3684 1319 3761 quamuis
1358 3700 1571 3745 sensus
1608 3682 1689 3744 ad
1729 3692 1864 3743 acta
1903 3682 2115 3743 minor.

552 3778 735 3839 Adde
774 3780 1105 3841 recollectis
1146 3781 1377 3855 seriem,
1423 3798 1559 3841 mea
1600 3798 1790 3853 musa,
1836 3779 2079 3853 Latinis,

452 3948 515 3983 ar
554 3932 768 3983 Godesri
800 3934 896 3985 dee
928 3942 1081 3998 atque
1114 3935 1163 3984 D
1360 3936 1563 4001 marg&
1598 3936 1734 3987 Nota
1766 3936 1834 3985 de
1869 3933 2084 3985 nomine
2122 3934 2369 3987 Iohannis
2401 3936 2598 3988 Gower

382 4010 479 4061 cE
548 4012 689 4061 Nota
714 4027 905 4083 nomen
937 4013 980 4062 1.
1045 4014 1249 4064 Nomen
1281 4014 1625 4078 compilatoris
1656 4020 1738 4063 at
1770 4012 2034 4063 Iohannes
2065 4012 2262 4063 Gower
2289 4020 2348 4063 vt
2379 4020 2514 4078 pam
2541 4014 2593 4064 in

382 4088 471 4139 his
493 4088 668 4139 tribus
687 4090 916 4139 versibus
934 4090 981 4140 T
1042 4105 1144 4141 ont.
1166 4090 1269 4141 GD
1430 4104 1497 4155 25
1530 4091 1763 4143 adscribe
1786 4090 1876 4141 ΕΙ.
1941 4090 2204 4142 ascribens
2229 4092 2277 4140 D
2422 4108 2487 4154 ⁹7
2521 4093 2595 4142 nil

382 4175 441 4216 vt
478 4168 665 4217 lauden
704 4166 753 4215 D
818 4167 979 4218 nichil
1020 4176 1079 4218 vt
1112 4168 1293 4220 laudes
1332 4169 1377 4219 L
1571 4185 1639 4233 32
1678 4168 1866 4231 Sicque
1905 4167 2000 4218 DL
2199 4170 2268 4234 36
2304 4178 2518 4221 censeat
2550 4172 2593 4221 C

380 4247 581 4296 sentiat
621 4244 799 4297 GEH·
878 4254 1095 4297 sencent
1130 4246 1177 4297 T
1256 4248 1459 4299 senciat
1496 4248 1621 4315 D(p.
1650 4250 1798 4316 m.)1.
2086 4264 2152 4314 37
2197 4250 2380 4301 Penne
2417 4251 2593 4301 madet

380 4323 427 4373 C
454 4322 605 4389 (m.)
630 4322 675 4373 Ε
743 4324 987 4388 Sepeque
1007 4332 1131 4375 sunt
1151 4324 1421 4376 GDLTH2
1604 4326 1730 4392 hec]
1751 4328 1817 4378 de
1842 4328 1891 4378 D
2091 4330 2158 4392 38
2187 4328 2308 4379 Text
2327 4327 2370 4378 C
2395 4327 2591 4392 (m.)E

380 4400 615 4471 Humida
652 4402 713 4453 sit
746 4402 969 4453 lacrimis
1006 4418 1237 4470 sepeque
1272 4420 1446 4470 penna
1482 4405 1611 4457 meis
1654 4406 1924 4459 GDLTI-ln
2139 4424 2206 4470 44
2255 4406 2431 4457 fauent
2466 4404 2594 4457 ml·

376 4496 451 4545 49
472 4480 739 4532 confracto
764 4480 934 4534 DLHn
