3434 5142
1201 452 1494 518 LIBER
1551 454 1967 521 TERCIUS
2569 478 2687 538 129

643 616 738 679 Sis
779 615 913 693 pius
953 623 1016 675 et
1056 615 1318 692 pacienS,
1361 625 1465 675 tua
1504 616 1700 693 sitque
1741 616 2037 678 modestia
2074 617 2309 678 cunetis

645 714 1006 790 Exemplum
1047 714 1228 790 pacis
1272 713 1445 774 duret
1485 722 1549 773 vt
1587 715 1690 774 illa
1730 715 1956 793 magis)

643 812 786 872 Hec
825 812 908 870 ita
950 829 1089 870 eum
1133 811 1266 889 legi,
1309 811 1627 871 confestim
1666 829 1769 873 me
1808 821 2016 889 stupor
2056 822 2243 893 vrget,

644 909 916 985 Qualiter
955 910 1019 971 in
1059 908 1220 969 clero
1259 906 1420 969 bella
1460 909 1661 970 videre
1699 926 1898 986 queo:
2586 921 2686 969 810

643 1006 911 1081 Querere
950 1006 1038 1065 sic
1075 1006 1238 1066 volui
1280 1006 1359 1066 de
1399 1007 1577 1081 clero,
1621 1007 1757 1083 quis
1798 1008 1949 1068 foret
1990 1007 2089 1069 ille
2128 1056 2137 1065 .

645 1104 768 1179 Qui
809 1104 995 1164 michi
1033 1122 1388 1181 responsum
1428 1104 1508 1165 de
1545 1105 1790 1165 racione
1830 1104 2017 1166 daret.

643 1202 900 1277 Questio
939 1211 1106 1262 mota
1145 1201 1271 1275 fixit,
1317 1218 1439 1278 qua
1479 1213 1718 1279 sumpta
1757 1204 2006 1264 clericus
2046 1222 2199 1264 vnus

641 1302 816 1360 Astat
855 1308 918 1360 et
955 1300 1247 1377 oppositis
1287 1309 1658 1377 prompserat
1691 1301 1810 1361 ista
1848 1301 2036 1376 meis3
2072 1348 2077 1355 .

639 1398 1000 1475 Supponens
1040 1397 1244 1475 primis
1286 1398 1453 1475 quod
1481 1398 1549 1458 -ei
1589 1399 1668 1458 sit
1706 1399 1948 1460 culmen
1990 1400 2236 1460 honoris

640 1496 948 1556 Pontificis
989 1496 1224 1569 summi,
1269 1496 1408 1556 talia
1449 1496 1597 1555 dixit
1638 1494 1743 1557 ibi.

725 1596 741 1627 ⁸
758 1594 996 1654 Diuidit
1035 1594 1351 1670 imperium
1390 1603 1624 1655 terrena
1663 1596 1942 1671 potencia
1980 1614 2237 1669 mecum,

638 1694 898 1769 Iureque
936 1691 1189 1753 celicolo
1228 1690 1470 1753 subdita
1509 1710 1690 1771 regna
1730 1694 1867 1753 colo
1889 1714 1909 1768 3
2162 1772 2170 1777 .

637 1790 743 1851 Set
780 1790 923 1867 quia
961 1799 1114 1850 terra
1155 1808 1344 1867 prope
1384 1808 1496 1851 nos
1536 1800 1627 1851 est
1667 1792 1989 1868 celumque
2028 1802 2341 1864 remotum,

638 1888 778 1963 Que
817 1890 1006 1965 magis
1045 1897 1139 1949 est
1177 1887 1356 1949 nobis
1396 1899 1548 1948 terra
1587 1888 1925 1967 propinqua
1964 1889 2175 1965 placet.
2580 1898 2681 1948 820

645 1986 802 2045 Aula
843 1986 1027 2046 michi
1063 1986 1320 2063 grandiS,
1363 1985 1636 2047 sublimis
1677 1996 1740 2046 et
1778 1996 1903 2045 arte
1942 1986 2177 2059 decora,

638 2083 878 2144 Nobilis
920 2094 1017 2145 est·
1049 2086 1362 2158 thalamus,
1405 2086 1604 2145 mollis
1646 2094 1706 2145 et
1748 2086 1876 2161 ipse
1916 2085 2159 2145 thorusz

635 2182 722 2241 Vt
761 2182 1036 2259 placeant
1075 2181 1162 2241 ori
1205 2199 1324 2258 que
1365 2182 1620 2258 postulo,
1665 2182 1745 2242 de
1784 2182 2015 2242 meliori

641 2280 692 2339 F
691 2280 890 2339 ercula
929 2280 1091 2339 lauta
1130 2277 1270 2339 cibo
1313 2289 1452 2339 sunt
1491 2279 1692 2353 michi,
1738 2280 1877 2339 vina
1919 2277 2101 2339 bibo:

639 2378 732 2437 Ex
771 2378 976 2437 auium
1014 2395 1249 2455 genere,
1293 2377 1372 2438 de
1411 2377 1677 2454 piscibus
1717 2396 1902 2438 omne
1942 2375 2201 2449 salubre,

637 2476 721 2534 Vt
760 2476 949 2552 magis
989 2484 1081 2535 est
1121 2474 1423 2551 placitum,
1467 2475 1617 2535 dant
1659 2475 1841 2537 michi
1882 2475 2033 2535 ferre
2074 2472 2313 2534 cibum:

636 2574 880 2651 Singula
919 2591 1039 2650 que
1078 2592 1294 2649 genera
1335 2573 1456 2632 vini
1497 2573 1603 2633 dat
1643 2572 1885 2650 potibus
1926 2592 2042 2633 vua

636 2669 918 2747 Optineo,
963 2670 1132 2748 quod
1172 2671 1234 2728 in
1277 2669 1391 2729 hiis
1434 2670 1510 2730 sit
1549 2670 1734 2730 michi
1776 2671 1941 2729 nulla
1980 2672 2121 2731 sitis.

634 2767 788 2827 Sunt
825 2768 1009 2827 michi
1048 2768 1312 2827 munina
1351 2785 1635 2841 consona,
1679 2767 1963 2845 timpana,
2004 2770 2243 2845 letaque
2282 2785 2469 2841 musa,

637 2866 868 2926 Histrio
909 2866 1014 2926 dat
1053 2866 1226 2926 variis
1266 2867 1500 2925 cantica
1539 2865 1718 2943 plena
1759 2866 1943 2927 iocis:
2579 2874 2680 2935 830

639 2964 777 3039 Que
816 2982 1002 3038 mare,
1041 2975 1195 3024 terra
1234 2964 1402 3041 parit,
1449 2964 1696 3023 meliora
1737 2965 1831 3023 vel
1870 2982 2008 3025 aera
2044 2964 2281 3038 format,

636 3062 790 3122 Sunt
830 3062 1012 3121 michi
1053 3072 1330 3140 prompta
1370 3062 1518 3135 sor0,
1563 3061 1718 3121 sicut
1760 3062 1983 3123 habere
2024 3064 2178 3122 volo,

635 3159 747 3219 Est
787 3160 969 3220 michi
1007 3161 1199 3234 vinea,
1243 3169 1385 3220 sunt
1425 3160 1698 3220 viridaria
1741 3161 1907 3221 fonte
1948 3162 2193 3235 reclusa,

637 3256 774 3335 Que
812 3267 954 3334 peto
995 3257 1074 3318 de
1115 3257 1346 3317 mundo
1387 3266 1604 3317 cuncta
1645 3266 1851 3318 tenere
1884 3276 2079 3334 queo:

635 3354 744 3414 Est
785 3355 968 3415 miehi
1009 3356 1303 3416 secundus
1345 3354 1648 3415 dotalibus
1689 3366 1853 3415 ortus
1897 3356 1959 3414 in
2000 3356 2169 3433 agris,

637 3452 988 3531 Pompaque
1027 3463 1374 3527 castrorum,
1419 3470 1691 3512 summus
1733 3463 1793 3513 et
1834 3453 1993 3514 vrbis
2035 3454 2263 3513 honor:

639 3549 802 3610 Silua
841 3550 1010 3623 ferm,
1057 3550 1326 3611 volucres
1367 3568 1471 3609 aer
1510 3551 1772 3626 suscepit
1813 3548 2137 3624 habendas,

575 3690 590 3703 .
637 3648 717 3707 Et
757 3666 922 3708 mare
962 3667 1142 3725 quam
1185 3649 1348 3709 vario
1390 3649 1556 3725 pisce
1597 3649 1847 3725 repleuit
1888 3667 2094 3726 aquas,

633 3746 738 3807 Set
777 3746 910 3806 loca
952 3766 1075 3806 non
1117 3757 1352 3806 tantum
1395 3745 1587 3821 nobiS‚
1635 3764 1749 3808 nec
1792 3758 1851 3807 et
1891 3748 1990 3807 illa
2032 3756 2227 3807 creata

634 3841 961 3916 Sufficiunt,
1003 3843 1130 3902 auri
1173 3844 1292 3903 sint
1333 3842 1447 3903 nisi
1490 3845 1651 3904 dona
1693 3844 1893 3904 lucri.
2512 3893 2517 3897 .
2576 3853 2677 3915 840

715 3942 732 3971 ‘
749 3940 910 4001 Ecce
949 3941 1106 4001 fores
1148 3942 1322 4019 large,
1367 3959 1516 4018 quas
1558 3951 1755 4001 seruat
1796 3942 2013 4001 ianitor
2050 3954 2191 4015 arte,

638 4038 737 4099 Sic
776 4048 840 4097 vt
881 4040 941 4097 in
985 4040 1093 4098 has
1134 4058 1360 4116 pauper
1401 4039 1598 4099 nullus
1641 4038 1889 4100 habebit
1930 4040 2075 4099 iter:

637 4134 818 4197 Curia
861 4154 1014 4213 quos
1057 4136 1334 4214 reprobat
1375 4138 1492 4197 isto
1533 4154 1810 4198 sermone
1848 4137 2097 4214 repellit,

635 4234 672 4264 “
687 4233 851 4294 State
891 4233 1063 4309 forem,
1109 4236 1296 4309 vacui,
1341 4233 1560 4296 flebitis
1600 4246 1742 4294 ante
1782 4236 1991 4295 fores.”

633 4331 771 4405 Que
812 4349 936 4392 non
978 4333 1142 4393 dona
1181 4352 1430 4393 manum
1471 4342 1773 4411 presentat
1813 4334 2029 4415 ianitor
2068 4335 2230 4395 illam

1285 4446 1386 4509 840
1419 4446 1574 4511 lucri]
1597 4446 1684 4497 dei
1709 4445 1857 4497 EHT

559 4523 702 4559 *u*
1546 4546 1591 4590 K
