3434 5142
822 485 939 545 142

1519 462 1722 527 VOX
1779 460 2321 528 CLAMANTIS

981 620 1268 701 Corrigat,
1313 640 1436 695 or0‚
1481 623 1650 695 deus,
1694 632 1799 681 tua
1839 619 1958 681 iam
1998 619 2329 681 clemencia
2368 622 2534 694 taleS,

979 722 1110 780 Nos
1152 718 1370 797 quibus
1411 729 1476 779 vt
1514 717 1735 779 sanctis
1774 717 2033 779 subdere
2072 719 2227 778 colla
2266 718 2475 779 iubes:

983 818 1134 878 Esse
1174 818 1360 877 duces
1400 826 1637 877 nostros
1677 834 1831 893 quos
1871 817 2003 893 lege
2043 826 2146 875 tua
2186 813 2457 890 statuisti,

985 916 1104 974 Fac
1146 912 1332 991 magis
1373 923 1436 973 vt
1477 923 1638 973 recta
1677 910 1891 972 semita
1929 913 2115 973 ducat
2154 932 2297 987 eos;

984 1013 1064 1072 Et
1105 1010 1244 1072 licet
1284 1009 1576 1072 insmbilis
1616 1029 1805 1071 vanus
1847 1010 1923 1071 sit
1962 1020 2024 1071 et
2062 1020 2233 1071 actus
2274 1028 2499 1084 eorum,

986 1109 1084 1168 Da
1121 1108 1349 1187 populo
1389 1106 1664 1168 stabilem
1705 1126 1941 1185 semper
1980 1106 2201 1167 habere
2241 1107 2462 1168 fidem:

990 1207 1104 1281 Da,
1148 1207 1314 1279 deus
1360 1216 1421 1266 et
1461 1206 1638 1278 clero,
1681 1204 1867 1267 verbo
1908 1205 2075 1283 quod
2116 1203 2303 1283 possit
2344 1214 2405 1265 et
2444 1215 2583 1265 actu

986 1303 1084 1365 Sic
1126 1322 1406 1364 reuocare
1447 1304 1690 1376 malum,
1735 1321 1847 1363 nos
1888 1312 1951 1362 vt
1990 1300 2054 1362 in
2095 1302 2242 1363 orbe
2282 1301 2464 1363 iuuet.

984 1404 1280 1480 Exoptata
1319 1399 1426 1462 diu
1465 1397 1658 1461 dulcis
1699 1398 2000 1461 medicina
2038 1400 2333 1474 dolorum,

985 1501 1132 1561 Sero
1171 1498 1310 1559 licet
1349 1496 1564 1573 veniat,
1606 1508 1779 1577 gram
1810 1496 2017 1558 venire
2050 1499 2238 1559 solet:
2906 1518 3033 1567 1310

987 1596 1169 1675 Sique
1211 1594 1355 1657 boni
1397 1596 1544 1655 fiant
1582 1595 1662 1656 de
1701 1596 1889 1669 ciel-0,
1925 1614 2039 1655 nos
2080 1593 2354 1656 meliores

987 1698 1166 1755 Tunc
1207 1693 1442 1769 erimuS,
1486 1713 1606 1772 que
1645 1692 1747 1755 dei
1786 1695 1915 1754 laus
1956 1692 2040 1754 ita
2079 1692 2269 1753 maior
2308 1691 2433 1754 erit.

895 1925 1240 1994 Postquam
1283 1924 1518 1981 dietum
1561 1926 1666 1981 est
1701 1925 1780 1980 de
1822 1924 1951 1980 mis
1995 1924 2101 1995 qul
2142 1927 2364 1980 errant
2406 1922 2474 1977 ln
2511 1924 2692 1978 statu
2733 1920 3031 1990 prelneie,

823 2011 1151 2067 dicendum
1195 2015 1298 2067 est
1338 2011 1418 2067 de
1461 2026 1674 2067 errore
1715 2014 2096 2073 curatorum,
2149 2011 2256 2079 qui
2308 2010 2426 2065 snb
2475 2008 2740 2078 prelatis
2792 2006 3033 2062 consti·

824 2098 968 2163 tuti,
1022 2098 1464 2167 parochiarum
1514 2113 1703 2153 curu
1748 2098 1819 2153 ln
1870 2099 2223 2153 animarum
2282 2111 2538 2152 enarum
2592 2096 2873 2164 periculo
2925 2093 3030 2149 ad·

825 2186 1154 2242 mittentes
1219 2186 1615 2256 negligenter
1681 2187 2021 2243 omittuntz
2088 2188 2155 2241 et
2222 2180 2426 2254 primo
2490 2183 2765 2239 intendit
2823 2180 3032 2236 dicere

825 2272 904 2328 de
961 2273 1204 2330 curatis
1257 2274 1385 2328 im·
1444 2273 1551 2341 qui
1609 2288 1766 2328 aaa·
1824 2288 2012 2329 curas
2070 2275 2443 2329 omittente·
2503 2271 2587 2326 ad
2635 2268 3032 2327 seruiendum

825 2364 1196 2429 magnatum
1227 2362 1418 2417 curiis
1453 2360 1777 2417 adherent.

522 2556 525 2559 ,
602 2489 801 2567 Capm.
830 2487 943 2549 xvi.

1069 2488 1327 2551 Presulis
1367 2487 1608 2563 incauti,
1653 2487 1809 2550 sicut
1847 2490 1927 2551 de
1966 2508 2117 2550 voce
2156 2487 2371 2568 recepi,

991 2588 1234 2648 Errores
1275 2586 1498 2665 scripsi,
1542 2606 1863 2666 pennaque
1903 2599 2096 2649 cessat
2135 2586 2237 2649 ibi.

990 2684 1142 2745 Sunt
1183 2694 1402 2758 tamen,
1445 2683 1508 2743 in
1549 2682 1704 2745 curis
1744 2683 1945 2745 anime
1986 2682 2090 2762 qui
2129 2682 2258 2745 iura
2298 2682 2649 2757 ministrant,

993 2782 1280 2842 Rectores
1319 2780 1420 2841 alii
1460 2800 1586 2841 non
1626 2781 1756 2842 sine
1797 2782 1933 2842 labe
1974 2780 2115 2843 doli.

992 2879 1135 2953 Quo
1176 2888 1362 2939 status
1401 2876 1502 2938 ille
1543 2880 1731 2940 modo
1770 2898 1836 2939 se
1876 2877 2071 2940 tendit
2108 2876 2366 2939 scribere
2405 2879 2608 2952 tendo,

991 2973 1056 3036 Si
1095 2973 1170 3035 sit
1210 2973 1294 3037 ibi
1335 2976 1598 3037 mundus
1639 2977 1735 3036 vel
1777 2974 1964 3054 magis
2004 2974 2133 3054 ipse
2172 2977 2342 3038 deus.

991 3074 1092 3134 Ad
1132 3082 1368 3150 tempus
1408 3090 1652 3150 presens
1691 3082 1991 3133 rectorum
2030 3073 2190 3132 facta
2226 3072 2560 3145 reuoluenS,

994 3168 1251 3230 Inuenio
1292 3169 1504 3232 mundi
1544 3171 1711 3248 quod
1752 3172 1907 3231 solet
1946 3190 2079 3231 esse
2118 3169 2235 3233 dei.
2908 3188 3041 3240 1320

993 3264 1250 3329 Presulis
1289 3286 1500 3343 errore,
1543 3288 1817 3328 curarum
1859 3266 1965 3347 qui
2004 3278 2186 3346 caput
2224 3278 2401 3343 extat,

995 3367 1166 3426 Errat
1206 3376 1461 3440 curatuS,
1505 3365 1755 3443 presulis
1796 3366 1927 3444 ipse
1967 3386 2197 3427 manus·
2503 3421 2512 3430 .

998 3462 1131 3522 Iam
1171 3461 1303 3522 sine
1340 3462 1648 3539 prebenda
1687 3464 1769 3525 de
1810 3462 2071 3524 Simonis
2110 3474 2237 3523 arte
2276 3474 2475 3523 creata

997 3558 1101 3620 Nil
1141 3568 1311 3636 putat
1351 3557 1662 3619 ecclesiam
1705 3562 2281 3637 quomodocumque
2322 3558 2585 3621 bonam:

998 3658 1137 3716 Hec
1177 3655 1485 3732 prebenda
1525 3666 1727 3715 tamen
1768 3654 2013 3735 inopem
2055 3676 2197 3729 non,
2242 3666 2333 3716 set
2375 3653 2745 3716 meretricem

997 3752 1212 3825 Pascit,
1257 3751 1463 3830 sicque
1502 3754 1687 3813 deum
1732 3771 1857 3813 non
1898 3752 2058 3827 colit,
2103 3752 2292 3813 immo
2332 3753 2527 3814 deam.

995 3851 1175 3911 Tales
1215 3870 1330 3911 nec
1371 3860 1536 3911 caste
1575 3861 1787 3911 curant
1827 3870 2027 3929 neque
2067 3849 2268 3912 viuere
2308 3862 2499 3923 caute,

1000 3949 1096 4008 De
1138 3946 1356 4027 quibus
1398 3951 1670 4027 exempla
1709 3960 1849 4011 sunt
1890 3951 2077 4010 modo
2117 3968 2260 4028 sepe
2303 3950 2495 4008 mala:

997 4044 1199 4107 Vestis
1239 4046 1423 4107 habet
1463 4066 1767 4125 pompam,
1812 4045 1983 4107 cibus
2022 4066 2197 4106 vsum
2236 4044 2601 4120 deliciarum,

1001 4143 1080 4202 Et
1121 4142 1328 4203 thorus
1369 4142 1664 4205 incestum
1705 4146 1925 4205 clamat
1965 4143 2187 4205 habere
2226 4162 2421 4204 suum.
2915 4161 3048 4213 ¹330

1002 4239 1096 4299 Ex
1136 4237 1315 4301 Cristi
1355 4240 1576 4319 poteris
1617 4260 1808 4319 nuper
1846 4260 2209 4320 cognoscere
2248 4238 2447 4301 verbis

1003 4334 1346 4415 Discipulos
1387 4336 1620 4398 tunicas
1659 4358 1787 4399 non
1828 4337 2109 4400 habuisse
2150 4340 2301 4400 duas
2324 4359 2344 4413 ς

1001 4436 1105 4495 Set
1145 4432 1288 4514 quia
1327 4432 1604 4512 discipuli
1645 4455 1774 4500 non
1813 4447 1969 4512 sunt,
2012 4434 2079 4496 in
2117 4435 2337 4498 talibus
2377 4432 2475 4496 isti
