3434 5142
1130 517 1416 582 LIBER
1474 517 1908 597 QUINTUS
2347 571 2356 582 .
2501 543 2624 602 213

584 675 811 738 Federa
852 686 1160 750 seruasset,
1207 677 1257 737 si
1298 694 1423 737 non
1466 677 1727 739 formosa
1767 678 1990 754 suisset,

582 775 833 852 Sponsa,
876 790 996 851 que
1038 775 1398 835 multociens
1440 793 1534 836 res
1577 776 1759 837 docet
1799 778 1912 838 ista
1951 786 2182 856 patens·

530 897 535 904 ·
582 874 784 949 Quam
826 873 1035 932 Venus
1076 873 1323 950 inspirat
1364 884 1561 934 seruat
1602 875 1878 936 custodia
1919 875 2098 950 nulla,

581 971 683 1031 Ad
723 970 949 1030 fatuam
990 970 1193 1030 nullus
1235 970 1408 1030 limes
1448 972 1720 1048 agendus
1762 973 1908 1034 erit:

582 1067 743 1131 Cum
785 1069 995 1127 Venus
1038 1077 1098 1127 et
1138 1067 1353 1128 mulier
1392 1076 1631 1146 tempus
1672 1088 1793 1148 que
1833 1072 2034 1131 locum
2075 1071 2190 1132 sibi
2233 1073 2472 1151 spirant,

584 1166 727 1226 Non
768 1177 928 1225 caret
969 1166 1184 1226 effectu
1228 1165 1395 1242 quod
1436 1166 1677 1228 voluere
1718 1168 1880 1229 duo:

582 1263 919 1323 Frustratur
958 1273 1160 1323 custos
1202 1264 1482 1338 mulieris,
1526 1265 1675 1325 dum
1716 1276 1920 1327 tamen
1961 1267 2090 1344 ipsa

582 1361 663 1422 Se
702 1379 827 1421 non
869 1360 1147 1435 custodit,
1190 1361 1242 1421 si
1281 1360 1434 1423 foret
1473 1363 1603 1440 ipse
1644 1363 1816 1424 Cato.

583 1460 759 1518 Tunc
800 1459 961 1535 prius
1004 1458 1290 1536 incipient
1330 1471 1517 1520 turres
1560 1460 1744 1522 vitare
1784 1462 2080 1536 columbe,

583 1557 777 1616 Antra
815 1555 956 1630 fere,
1000 1557 1265 1633 pecudes
1306 1558 1590 1635 gramina,
1636 1577 1873 1637 mergus
1913 1579 2118 1637 aquas,
2526 1588 2627 1636 440

584 1653 835 1714 Femina
874 1671 1015 1714 cum
1055 1655 1307 1716 Veneris
1346 1654 1577 1715 fatuum
1606 1667 1915 1717 scrutetur
1952 1669 2272 1730 amantem,

589 1751 669 1812 Et
712 1771 835 1812 non
876 1751 1143 1813 inveniat
1182 1753 1264 1814 ad
1304 1772 1412 1813 sua
1452 1754 1609 1814 sacta
1651 1755 1867 1815 locum.

585 1851 815 1911 Littora
854 1860 1003 1928 quot
1042 1852 1322 1924 concha,
1367 1862 1515 1928 quot
1555 1871 1772 1913 amena
1812 1854 2032 1914 rosaria
2072 1854 2264 1928 floreS,

586 1949 875 2026 Quotque
916 1947 1239 2026 soporifera
1277 1967 1461 2026 grana
1501 1966 1764 2027 papauer
1804 1950 2002 2026 habet,

586 2046 750 2106 Silua
790 2047 943 2107 feras
986 2054 1135 2124 quot
1174 2045 1295 2117 alit,
1339 2055 1488 2123 quot
1530 2045 1796 2123 piscibus
1836 2048 1997 2108 vnda
2037 2059 2288 2124 natatur,

584 2143 667 2203 Et
706 2152 877 2204 tener
916 2161 989 2204 ex
1028 2143 1245 2220 pennis
1286 2161 1422 2202 aera
1462 2142 1659 2220 pulsat
1699 2145 1846 2217 auiS,

588 2241 732 2301 Non
774 2240 1000 2299 faciunt
1040 2257 1339 2299 summam
1380 2239 1577 2313 talem,
1623 2258 1743 2317 que
1785 2241 2001 2301 dicitur
2043 2259 2198 2319 eque

586 2338 689 2400 Ad
730 2337 887 2398 mala
927 2355 1047 2416 que
1088 2337 1301 2397 mulier
1342 2337 1629 2398 insidiosa
1670 2348 1852 2415 parat.

667 2437 777 2496 Est
818 2435 1081 2496 mundus
1121 2434 1311 2510 fallax,
1355 2435 1568 2496 mulier
1608 2436 1870 2497 fallacior
1910 2436 2059 2514 ip80,

588 2533 813 2594 Senciit
853 2533 1102 2592 infidam
1141 2550 1281 2592 nam
1323 2533 1631 2610 paradisus
1673 2551 1848 2594 eam:
2526 2557 2630 2607 450

587 2631 699 2692 Est
742 2632 919 2708 lupus
961 2649 1104 2692 ecce
1146 2631 1338 2691 latens
1380 2631 1518 2708 agni
1554 2628 1669 2692 sub
1709 2631 1928 2692 vellere
1967 2630 2247 2705 munduS,

589 2730 733 2805 Quo
775 2726 985 2788 lambit
1027 2729 1239 2806 primo,
1285 2729 1406 2789 fine
1448 2729 1749 2790 remordet
1790 2747 1880 2790 eo,

588 2826 733 2887 Hoc
772 2835 977 2887 tamen
1017 2835 1110 2887 est
1150 2837 1331 2899 extra,
1374 2836 1463 2888 set
1506 2827 1846 2904 serpentina
1886 2825 2168 2887 columba

592 2925 889 2984 Prouocat
931 2925 993 2984 in
1034 2924 1311 2984 thalamis
1354 2924 1618 3002 dampna
1659 2925 1998 3002 propinqua
2038 2925 2266 3003 magis3

590 3024 731 3083 Hec
771 3022 995 3083 etenim
1036 3041 1281 3100 serpens
1324 3033 1430 3096 est,
1476 3040 1595 3099 que
1636 3041 1743 3099 per
1783 3024 1948 3084 mille
1988 3023 2306 3084 meandros

588 3119 849 3198 Decipit,
893 3130 955 3181 et
995 3139 1269 3198 pungens
1310 3120 1493 3180 corda
1534 3121 1738 3198 quieta
1776 3120 1924 3181 ferit.

588 3219 743 3294 Quis
786 3219 951 3279 fortis
988 3229 1193 3278 manet
1233 3228 1338 3277 aut
1380 3217 1617 3294 sapiens
1660 3217 1860 3278 illesus
1900 3216 1980 3278 ab
2023 3217 2167 3296 ipsa,

590 3314 835 3378 Celicus
874 3327 983 3390 est,
1029 3325 1121 3376 set
1166 3333 1301 3376 eam
1341 3315 1581 3374 vincere
1621 3324 1775 3375 terra
1816 3316 2058 3392 nequit:

586 3415 934 3493 Sampsonis
975 3414 1127 3474 vires
1166 3412 1400 3491 gladius
1443 3430 1641 3490 neque
1684 3413 1886 3472 Dauid
1927 3413 1991 3472 in
2033 3413 2223 3490 ipsam

590 3512 760 3589 Quid
799 3511 1009 3585 laudis,
1054 3529 1267 3573 sensus
1306 3521 1410 3571 aut
1451 3511 1791 3571 Salomonis
1833 3509 2074 3571 habent.
2527 3521 2630 3585 460

586 3611 671 3672 Vt
710 3610 860 3688 quid
898 3610 978 3669 ad
1020 3609 1141 3668 huc
1180 3609 1351 3670 miles
1392 3616 1646 3686 temptat
1686 3626 1964 3686 superare
2003 3610 2346 3684 modernuS,

589 3708 849 3768 Vincere
888 3708 1058 3784 quod
1097 3707 1248 3768 tanti
1292 3726 1416 3768 non
1459 3717 1710 3785 potuere
1751 3707 1857 3766 viri
1875 3709 1904 3768 ?

590 3807 734 3867 Non
775 3814 867 3866 est
908 3824 1091 3882 quem
1132 3805 1359 3866 faciunt
1400 3815 1695 3866 transacta
1737 3805 2002 3884 pericula
2039 3815 2300 3881 cautum,

588 3905 692 3965 Set
732 3903 921 3982 magis
962 3903 1024 3963 in
1066 3903 1313 3982 laqueos
1355 3921 1508 3981 quos
1548 3902 1711 3964 videt
1753 3904 1880 3981 ipse
1921 3903 2098 3963 cadit.

589 4001 743 4078 Quis
783 4011 943 4064 vetat
983 4019 1020 4060 a
1061 4001 1293 4078 magnis
1331 4001 1412 4061 ad
1452 4019 1546 4061 res
1588 4000 1861 4077 exempla
1901 4000 2164 4061 minores

588 4101 879 4160 Sumere?
934 4108 1025 4160 set
1066 4110 1269 4159 noster
1308 4116 1433 4158 non
1474 4099 1613 4158 sinit
1654 4098 1806 4159 illud
1844 4117 2028 4158 amor.

589 4199 973 4274 Impetuosus
1014 4197 1136 4274 agit
1176 4214 1439 4274 pugnam
1481 4196 1789 4274 gladiator,
1834 4205 1896 4257 et
1936 4196 2096 4256 idem

590 4297 921 4356 Immemor
958 4295 1189 4372 antiqui
1232 4293 1493 4354 vulneris
1534 4312 1698 4354 arma
1739 4294 1920 4371 capit.

492 4439 595 4486 450
652 4424 773 4474 Taext
814 4423 935 4474 SHs
1032 4423 1129 4474 Illa
1168 4422 1379 4486 quidem
1424 4423 1592 4474 fatuos
1631 4439 1736 4487 que
1779 4423 1906 4487 ligat
1948 4430 2063 4474 arte
2106 4423 2250 4474 viros
2294 4422 2629 4475 CEHGTDL

426 4517 526 4565 454
559 4502 613 4552 in
634 4503 871 4554 thalamis
892 4501 931 4554 S
998 4502 1215 4553 interius
1238 4501 1531 4552 CEHGDL

2656 12 3069 29 stv·=‚,m
3167 13 3268 30 nw-
