3434 5142
1154 460 1441 525 LIBER
1500 460 1866 529 Pmmus
2529 484 2606 547 31

565 624 814 696 Ponere,
858 621 1007 700 quin
1048 620 1274 682 faciunt
1314 622 1474 683 fossa
1515 622 1786 685 timenda
1825 623 2042 699 nimis3

564 722 783 781 Nullus
824 732 885 782 et
926 720 1153 780 hirsuta
1193 738 1381 781 nexus
1422 722 1828 799 constringere
1869 722 2024 783 colla

564 820 743 879 Tunc
782 818 997 896 potuit,
1042 829 1135 878 set
1174 818 1263 878 eis
1302 836 1487 879 omne
1528 817 1748 879 licebat
1789 820 1918 881 iter.

568 918 764 978 Deuia
802 928 1015 977 natura
1056 918 1142 976 sic
1184 927 1336 976 errat
1374 916 1455 976 ab
1496 918 1725 991 ordine,
1771 936 1970 980 mores

570 1016 793 1076 Porcus
835 1016 1003 1093 quod
1044 1015 1208 1092 porci
1252 1032 1375 1075 non
1419 1014 1617 1089 habet,
1662 1016 1852 1076 immo
1892 1017 2034 1093 lupi.
2515 1042 2616 1091 320

652 1115 818 1175 Inter
856 1132 963 1174 eos
1002 1131 1147 1190 aper
1185 1130 1337 1173 vnus
1378 1124 1503 1173 erat
1543 1131 1727 1191 quem
1771 1114 2006 1175 Kancia
2045 1114 2214 1175 duxit
2241 1138 2256 1189 ;

572 1214 757 1273 Terra
796 1209 913 1271 sibi
952 1210 1209 1271 similem
1250 1210 1472 1272 ducere
1512 1210 1677 1270 nulla
1716 1222 1930 1287 potest.

574 1310 810 1369 Emicat
849 1327 923 1370 ex
962 1308 1169 1382 oculis,
1212 1309 1395 1385 spirat
1434 1326 1681 1386 quoque
1721 1320 1962 1386 pectore
2004 1310 2287 1383 flammas,

574 1406 763 1468 Cuius
804 1406 883 1467 ab
924 1408 1061 1485 igne
1100 1405 1309 1484 procul
1348 1407 1447 1465 vix
1486 1406 1597 1466 fuit
1636 1424 1754 1466 vna
1795 1408 2050 1480 domus:

576 1504 829 1565 Fulmen
870 1503 949 1564 ab
990 1522 1095 1565 ore
1136 1505 1311 1578 volat,
1356 1501 1517 1564 vrbis
1557 1504 1854 1565 afflatibus
1895 1505 2085 1580 ardet,

576 1604 667 1663 Ac
709 1603 1105 1680 elephantinis
1146 1601 1431 1663 dentibus
1471 1620 1637 1662 arma
1676 1613 1880 1679 parat:

538 1770 543 1775 ,
577 1700 834 1761 Fer-uida
874 1720 1013 1760 cum
1054 1718 1236 1761 rauco
1278 1701 1429 1761 latos
1470 1700 1724 1761 stridore
1763 1718 1871 1777 per
1909 1719 2106 1762 armos

576 1799 819 1876 Spuma,
863 1809 953 1860 set
993 1800 1261 1859 humano
1302 1799 1592 1876 sanguine
1632 1798 1834 1873 mixta,
1877 1800 2046 1875 fluit3

579 1897 1061 1975 Stridentemque
1101 1915 1265 1957 nouo
1306 1914 1583 1973 spumam
1624 1916 1766 1957 cum
1807 1898 2098 1974 sanguine
2138 1898 2350 1972 fundit,

581 1994 781 2070 Quem
822 1996 945 2054 fera
984 1994 1063 2055 de
1104 1994 1307 2071 iugulo
1348 1992 1541 2071 plebis
1582 1995 1645 2053 in
1686 2013 1831 2054 arua
1871 1995 2024 2055 ruit:
2526 2019 2622 2067 330

583 2092 721 2168 Que
760 2093 917 2161 ferit,
936 2110 1009 2153 ex
1048 2093 1246 2169 capite
1284 2092 1605 2153 fortissima
1647 2092 1882 2153 subruit
1923 2094 2065 2170 ipse,

585 2190 858 2251 Preualet
899 2191 1153 2250 insultus
1194 2190 1433 2251 vincere
1473 2208 1657 2250 nemo
1698 2208 1880 2251 suos:

582 2288 771 2365 Erigit
811 2289 890 2348 ad
932 2287 1159 2349 bellum
1198 2306 1265 2349 se
1304 2288 1548 2365 signifer
1589 2288 1829 2348 horrida
1869 2290 2085 2362 ceruix,

586 2386 781 2463 Inque
820 2386 1019 2445 furore
1058 2404 1171 2445 suo
1212 2386 1439 2463 tigridis
1480 2386 1664 2446 instar
1704 2385 1924 2461 habet3

584 2484 665 2544 Et
706 2493 835 2544 sete
874 2484 1081 2561 rigidis
1122 2483 1347 2545 similes
1387 2482 1699 2545 hastilibus
1742 2484 2003 2558 horrent,

586 2582 725 2658 Que
766 2582 955 2660 magis
996 2582 1211 2643 inferni
1254 2583 1432 2643 noxia
1472 2582 1641 2659 signa
1680 2592 1912 2659 gerunt.

584 2681 749 2741 Sicut
789 2668 1027 2741 onusta
1046 2690 1279 2741 mrecta
1318 2681 1531 2754 fremit,
1576 2698 1682 2741 seu
1724 2680 1958 2741 frendet
1997 2698 2286 2759 aquarum

587 2778 829 2852 CursuS‚
876 2780 1083 2856 sicque
1123 2796 1265 2839 suus
1306 2797 1609 2837 murmura
1650 2796 1862 2855 passus
1904 2778 2122 2839 habetx

589 2876 729 2937 Hec
768 2878 897 2937 fera
930 2888 1267 2938 crescentes
1307 2888 1539 2954 segetes
1580 2877 1887 2954 proculcat
1929 2877 1990 2936 in
2032 2875 2234 2948 herba,

588 2975 669 3034 Et
709 2992 969 3037 cererem
1011 2975 1211 3053 palaes
1256 2975 1496 3035 triuerat
1536 2975 1724 3052 inque
1765 2974 1948 3035 leues,
2537 2994 2632 3043 340

589 3072 796 3134 Creuit
834 3090 979 3150 aper
1017 3073 1185 3150 quod
1226 3090 1303 3133 eo
1342 3072 1597 3132 maiores
1640 3071 1892 3133 herbida
1931 3080 2199 3132 monstro

590 3170 827 3231 Eduoet
867 3180 1126 3247 agrestes
1166 3188 1387 3247 pascua
1428 3170 1591 3231 nulla
1632 3170 1804 3231 feras.

592 3268 737 3328 Non
776 3268 947 3328 locus
986 3280 1079 3329 est
1120 3276 1283 3328 tutus
1325 3269 1389 3327 in
1418 3286 1601 3345 quem
1642 3268 1767 3327 fera
1806 3276 1972 3327 tanta
2012 3268 2287 3339 minatur,

593 3365 682 3425 Sit
723 3365 837 3425 nisi
878 3365 1131 3438 celestiS,
1177 3383 1300 3443 quo
1341 3364 1499 3425 mala
1540 3364 1691 3426 ferre
1734 3364 1957 3443 nequit.

595 3463 695 3523 Ira
734 3463 857 3523 fere
896 3473 1063 3522 mota
1103 3463 1281 3522 furias
1322 3463 1557 3523 excedit
1598 3462 1797 3535 abissi,

595 3560 785 3623 Cuius
826 3560 887 3619 in
929 3560 1194 3621 aduentu
1238 3562 1427 3638 patria
1466 3570 1594 3621 tota
1633 3561 1868 3622 fremit:

597 3659 689 3717 Ex
728 3658 1010 3735 aquilone
1050 3668 1255 3719 tamen
1296 3677 1491 3720 verres
1531 3659 1693 3720 venit
1733 3659 1898 3732 alter,
1942 3666 2010 3717 et
2051 3674 2195 3733 apro

596 3754 917 3831 Conuenit,
962 3766 1025 3815 vt
1066 3758 1281 3834 pariter
1322 3758 1480 3818 fossa
1520 3776 1728 3837 parare
1768 3765 2008 3835 queant.

676 3854 865 3931 Tegia
906 3854 1057 3914 silua
1099 3856 1290 3915 serum
1332 3855 1512 3915 talem
1554 3873 1677 3915 non
1722 3853 1964 3931 protulit
2005 3869 2233 3930 aprum,

598 3952 895 4027 Quamuis
934 3954 997 4011 in
1042 3952 1345 4013 Archadia
1386 3954 1679 4013 maximus
1721 3952 1821 4013 ille
1864 3951 2010 4012 suit:
2545 3968 2644 4021 350

598 4050 744 4109 Non
784 4050 867 4109 ita
906 4051 1241 4111 commouit
1283 4051 1347 4109 in
1389 4049 1697 4110 montibus
1741 4048 2022 4110 Herculis
2065 4048 2231 4121 iram,

598 4145 899 4207 Gentibus
938 4158 1043 4207 aut
1072 4148 1205 4208 aliis
1247 4147 1479 4209 obstitit
1519 4148 1649 4225 ipse
1688 4148 1816 4221 viiS,

600 4244 768 4321 Quin
809 4246 1001 4323 magis
1042 4245 1126 4304 hii
1168 4246 1352 4322 porci,
1397 4263 1506 4323 per
1546 4246 1824 4322 sompnia
1864 4262 2019 4322 quos
2062 4260 2176 4321 ego
2216 4240 2357 4315 vidi,

498 4388 595 4437 321
632 4375 811 4425 cancia
834 4356 969 4424 ΕΗ.ο
1022 4376 1234 4425 ffrancia
1260 4375 1306 4423 D
1332 4374 1645 4442 (mbrr'cator)
1863 4387 1965 4438 325
1996 4373 2138 4424 vrbis
2161 4371 2202 4423 S
2267 4370 2420 4421 urbes
2445 4366 2644 4437 (vrbes)

432 4452 673 4505 CEGDT
869 4468 972 4519 349
1006 4454 1177 4517 Regia
1198 4454 1375 4506 ΕΒΗ·
