3434 5142
801 430 885 493 24

1510 406 1709 477 VOX
1765 410 2306 478 CLAMANTIS

966 572 1089 633 Tot
1131 568 1363 633 fuerant
1406 572 1546 632 illuc
1585 580 1736 649 quot
1775 569 1960 635 habet
2001 582 2212 635 natura
2251 572 2502 647 colores,

968 670 1256 747 Pictaque
1295 666 1567 731 dissimili
1610 670 1758 731 flore
1797 669 2066 748 superbit
2106 670 2361 731 humust

968 768 1027 831 Ο
1068 767 1209 846 quia
1250 766 1513 844 digestos
1553 766 1715 827 volui
1757 785 2072 830 numerare
2109 769 2358 841 colores,

970 865 1102 927 Nec
1142 864 1327 943 potui,
1372 882 1622 925 numero
1662 866 1839 942 copia
1878 866 2070 927 maior
2107 877 2248 927 erat.

1048 966 1197 1027 Orta
1239 965 1493 1044 fragrant
1534 964 1752 1026 clausis
1792 966 1947 1026 sicut
1983 966 2294 1044 paradisus
2337 966 2400 1025 in
2441 968 2586 1027 ortis

966 1063 1246 1126 Candida
1282 1082 1425 1124 cum
1468 1060 1668 1125 rubeis
1708 1062 1830 1123 lilia
1871 1064 2054 1125 mixta
2094 1064 2278 1124 rosis:

969 1162 1209 1223 Deforis
1250 1161 1313 1221 in
1354 1161 1582 1238 campis
1622 1171 1739 1222 stat
1778 1161 2034 1239 primula
2071 1162 2269 1224 cincta
2311 1163 2586 1241 ligustriS,

970 1259 1187 1322 Omnis
1228 1270 1289 1320 et
1330 1258 1444 1319 hec
1485 1256 1671 1319 herba
1712 1276 1894 1337 quam
1935 1259 2236 1320 medicina
2276 1260 2527 1338 probat:

971 1356 1316 1419 Herbarum
1358 1358 1511 1418 vires
1550 1356 1799 1430 fuerant,
1843 1373 1964 1433 que
2005 1358 2252 1432 semine,
2297 1375 2496 1431 succe,

970 1458 1088 1517 Seu
1132 1454 1333 1516 radice
1372 1464 1603 1533 queunt
1644 1456 1796 1516 ferre
1835 1455 2043 1516 salutis
2087 1473 2305 1532 opem:

973 1556 1344 1631 Purpureum
1385 1553 1557 1615 viridi
1597 1554 1805 1630 genuit
1845 1552 1925 1614 de
1963 1554 2190 1632 cespite
2231 1554 2458 1629 florem,

972 1654 1173 1729 Quam
1216 1658 1427 1712 natura
1466 1652 1589 1711 suis
1630 1649 1862 1729 legibus
1901 1662 2094 1726 ornat,
2138 1653 2394 1714 humus:

974 1751 1265 1823 Balsama,
1310 1750 1699 1827 pigmentum,
1743 1768 1885 1809 cum
1927 1749 2118 1812 nardo
2156 1752 2364 1825 cassia,
2407 1752 2584 1812 mirra

974 1848 1135 1911 Cum
1174 1857 1341 1926 gutta
1381 1848 1555 1909 sedes
1596 1847 1695 1908 hic
1735 1857 1994 1909 statuere
2035 1866 2194 1909 suas.

973 1949 1277 2023 Purpuree
1318 1945 1491 2018 viole,
1539 1963 1673 2005 rosa
1713 1945 1936 2017 rocida,
1981 1946 2242 2007 candida
2283 1964 2522 2025 semper

975 2044 1127 2104 Lilia
1166 2041 1473 2105 certabant
1512 2042 1676 2102 hunc
1714 2042 1985 2103 habitare
2023 2044 2244 2103 locum.

977 2140 1089 2202 Ille
1128 2140 1296 2201 locus
1336 2140 1499 2201 solus
1540 2140 1656 2200 sibi
1697 2140 1976 2202 vendicat
2017 2159 2200 2201 omne
2241 2141 2408 2218 quod
2447 2158 2566 2216 aer,

974 2238 1162 2314 Quod
1202 2255 1381 2311 mare,
1426 2238 1595 2315 quod
1634 2239 1826 2313 tellus,
1873 2238 2056 2300 nutrit
2097 2236 2400 2316 habetque
2438 2238 2709 2302 bonum:

976 2338 1103 2396 Hic
1143 2335 1328 2396 decus
1369 2348 1460 2395 est
1500 2335 1679 2409 orbiS,
1725 2337 1836 2398 fios
1875 2336 2106 2411 mundi,
2149 2337 2338 2415 gloria
2377 2356 2591 2412 rerum,

976 2434 1238 2494 Delicias
1277 2450 1506 2505 omnes,
1550 2452 1699 2511 quas
1741 2434 1892 2511 petit
1931 2454 2087 2509 Vsus,
2130 2434 2352 2511 babet;

977 2531 1202 2592 Insitus
1240 2530 1569 2604 arboribm,
1615 2530 1816 2593 herbis
1857 2532 2173 2609 plantatus,
2217 2544 2280 2594 et
2317 2533 2486 2594 omni

978 2632 1235 2691 Munere
1274 2627 1629 2708 prepollenS,
1672 2648 1795 2707 que
1835 2630 1950 2690 sibi
1991 2632 2185 2707 poscit
2227 2632 2431 2694 home.

1056 2730 1168 2788 Est
1208 2728 1355 2788 alter
1392 2727 1703 2804 paradisus
1743 2726 1846 2801 ibi,
1889 2747 2032 2789 nam
2075 2730 2365 2807 quicquid
2406 2729 2627 2792 habere

976 2826 1158 2886 Mens
1200 2826 1465 2885 humana
1503 2826 1685 2902 cupit,
1731 2836 1884 2887 terra
1925 2824 2104 2887 beata
2142 2828 2314 2904 parit,

976 2923 1269 2985 Fontibus
1312 2922 1540 3000 irriguis
1581 2923 1895 2999 fecundus,
1939 2924 2172 2987 semine
2211 2926 2442 3004 plenuS,

976 3022 1253 3083 Floribus
1294 3020 1539 3101 insignis
1582 3022 2016 3100 fructiferisque
2059 3022 2273 3098 bonis3

974 3122 1282 3198 Terraque
1320 3138 1461 3180 cum
1504 3138 1636 3181 rore
1674 3119 1886 3181 dulces
1925 3123 2250 3181 commixta
2288 3122 2520 3200 vigores

976 3217 1276 3295 Concipit,
1320 3228 1381 3279 et
1420 3218 1579 3279 varia
1617 3218 1890 3297 gramina
1931 3229 2070 3279 nata
2109 3219 2290 3281 fouet.

978 3315 1318 3377 Frondibus
1360 3315 1503 3377 inde
1544 3335 1760 3377 nemus
1799 3317 2062 3390 vestitur,
2107 3315 2353 3378 floribus
2393 3326 2574 3391 ortuS,

976 3412 1364 3477 Graminibus
1404 3432 1693 3492 campus,·
1714 3414 2170 3493 seminibusque
2209 3416 2405 3477 solum
2423 3434 2444 3491 ;

978 3514 1261 3591 Siluaque
1300 3512 1513 3573 fronde
1554 3530 1668 3573 suo
1706 3523 2046 3587 renouatur,
2089 3523 2151 3573 et
2192 3532 2376 3574 omne
2414 3513 2650 3575 virescit

978 3611 1237 3684 Pratum,
1283 3609 1451 3687 quod
1490 3609 1652 3672 lutea
1690 3610 1870 3672 sorde
1910 3609 2146 3689 subegit
2185 3630 2409 3690 yemps.

979 3705 1334 3768 Mulcebant
1375 3709 1597 3786 zephiri
1638 3718 1815 3769 natos
1855 3710 1987 3770 sine
2027 3709 2260 3771 semine
2299 3710 2492 3782 fiores,

979 3805 1059 3865 Et
1100 3804 1261 3865 calor
1300 3824 1337 3867 a
1378 3806 1605 3884 superis
1646 3806 1884 3867 lucidus
1924 3818 2096 3867 ornat
2135 3808 2409 3867 humum.

974 3904 1247 3979 Tempus
1288 3912 1349 3962 et
1390 3903 1455 3963 in
1496 3903 1769 3963 volucres
1809 3914 2058 3965 cantum
2100 3902 2412 3976 fundebat,
2455 3914 2517 3963 et
2553 3904 2690 3965 altis

977 3999 1249 4059 Vocibus
1288 4017 1363 4059 ex
1400 4000 1575 4060 variis
1615 4012 1898 4077 personat
1937 4020 2119 4063 omne
2159 4019 2415 4063 nemus:

979 4096 1227 4174 Semper
1268 4096 1430 4157 idem
1472 4109 1748 4176 repetens
1787 4100 2036 4159 cuculus
2080 4099 2158 4160 de
2196 4109 2437 4178 gutture
2476 4099 2658 4177 plano

980 4194 1235 4267 Clamat,
1278 4204 1339 4254 et
1380 4206 1473 4255 est
1515 4198 1681 4257 testis
1726 4198 2012 4275 temporis
2053 4198 2182 4277 ipse
2224 4198 2408 4259 nouit

982 4291 1255 4352 Nuncius
1296 4294 1528 4353 Aurore
1570 4295 1890 4356 modulans
1931 4294 2238 4359 volutabat
2280 4297 2519 4358 Alauda

2945 877 3013 927 60

2952 2838 3020 2887 80

820 4416 886 4463 79
906 4402 994 4452 No
1000 4400 1295 4467 paragraph
1315 4400 1407 4451 (ΞΕ
1554 4402 1615 4453 81
1642 4401 1849 4465 irriguis
1868 4403 1908 4454 S
1971 4405 2194 4467 irriguus
2208 4404 2444 4457 CEGDL
2586 4416 2654 4468 95
2676 4402 2924 4455 uolitabat
2935 4402 3026 4453 CE
