3434 5142
841 356 968 435 298

1549 352 1749 419 VOX
1806 352 2347 419 CLAMANTIS

1005 514 1371 574 Alterutrum
1411 522 1691 591 poterunt
1732 512 2007 575 homines
2046 513 2507 591 exemplificat-R

1010 611 1133 671 Res
1174 610 1398 671 etenim
1439 611 1588 673 tales
1627 612 2035 688 experimenta
2070 611 2315 672 docent.

1008 708 1143 767 Rex
1181 716 1272 767 est
1309 705 1565 785 quisque
1605 709 1714 783 sui,
1761 706 1919 769 bene
1950 708 2055 785 qui
2094 710 2245 785 regit
2280 718 2431 783 acta,
2474 706 2722 781 beatus5

1007 805 1132 881 Qui
1173 806 1319 883 regit
1359 814 1493 865 acta
1533 806 1706 879 male,
1750 824 1957 867 seruus
1998 806 2237 883 ineptus
2276 806 2429 867 erit:

1011 904 1144 963 Rex
1181 900 1530 980 appellarisz
1571 903 1720 981 quid
1761 904 1924 963 imni
1964 904 2211 964 nomine
2248 904 2492 981 gaudes,

1009 1000 1134 1077 Qui
1172 1000 1340 1061 viciis
1377 1001 1584 1077 pulsus
1625 1018 1833 1063 seruus
1873 999 2095 1077 vbique
2134 1002 2341 1063 iaces?
2954 1022 3077 1073 930

1009 1100 1136 1161 Cur
1173 1098 1340 1158 viciis
1379 1098 1563 1159 seruit
1604 1098 1708 1175 qui
1748 1099 1944 1175 regnis
1984 1100 2251 1175 imperat,
2296 1109 2357 1160 et
2398 1117 2521 1159 non

1013 1196 1388 1273 Mancipium
1429 1194 1546 1255 vile
1587 1196 1849 1272 corporis
1888 1214 2021 1257 etse
2060 1196 2297 1273 pudet?

1011 1296 1178 1355 Dum
1219 1294 1385 1355 viciis
1425 1294 1648 1369 sordes,
1693 1293 1779 1353 nil
1820 1294 2063 1371 prodest
2102 1294 2327 1373 fulgida
2364 1296 2560 1368 vestis,

1008 1390 1328 1469 Absterget
1368 1392 1631 1451 maculas
1673 1410 1932 1469 purpura
1972 1393 2137 1453 nulla
2177 1402 2325 1453 tuas.

1013 1488 1354 1567 Expediens
1394 1488 1569 1567 igitur
1610 1489 1777 1563 foret,
1822 1500 1883 1549 vt
1924 1491 2010 1551 sic
2050 1488 2305 1567 quisque
2342 1490 2531 1551 viator

1012 1588 1214 1663 Quam
1255 1586 1447 1647 leuius
1487 1585 1702 1663 poterit
1744 1596 2095 1647 exoneratus
2136 1596 2247 1649 eat.

1013 1684 1257 1762 Singula
1295 1684 1375 1745 de
1415 1684 1590 1745 nobis
1629 1683 1771 1744 anni
1813 1684 2135 1760 predantur
2175 1694 2403 1759 euntes,

1013 1785 1304 1861 Morsque
1343 1782 1768 1859 superveniens
1809 1800 2090 1859 prospera
2128 1800 2369 1861 queque
2408 1782 2597 1859 rapit:

1014 1882 1373 1961 Regreditur
1408 1880 1561 1941 cinis
1602 1880 1666 1939 in
1705 1880 1986 1955 cinerem,
2030 1880 2325 1941 resolucio
2364 1880 2557 1939 carnis

1013 1982 1315 2041 Monstrat
1353 1979 1628 2057 principii
1669 1978 1972 2038 materiale
2012 1978 2219 2038 lutum.
2953 2002 3067 2052 940

1013 2078 1137 2139 Scit
1177 2077 1328 2138 deus
1369 2077 1486 2136 hoc
1525 2076 1727 2140 anime
1768 2074 1935 2151 quod
1975 2075 2081 2135 fiet
2121 2074 2181 2133 in
2224 2073 2370 2135 orbe
2410 2072 2626 2147 futuro,

1018 2176 1260 2252 Integra
1300 2190 1408 2234 seu
1447 2174 1588 2246 lesa,
1633 2183 1858 2251 quanta
1898 2190 2019 2249 que
2058 2172 2252 2249 qualis
2294 2172 2441 2235 erit:

1018 2272 1144 2333 Ista
1184 2270 1381 2331 sciunt
1421 2270 1712 2342 homineS‚
1757 2270 1987 2330 mundo
2028 2270 2197 2346 quod
2238 2286 2453 2347 corpus
2494 2268 2556 2327 in
2597 2268 2713 2329 isto

1017 2369 1122 2430 Nil
1161 2366 1279 2429 sibi
1317 2366 1644 2445 perdurans
1685 2366 1827 2426 vtile
1866 2367 2059 2426 carnis
2096 2365 2297 2427 habet.

1017 2468 1130 2527 Est
1170 2482 1310 2527 caro
1351 2475 1627 2541 corrupta
1667 2463 1895 2538 viuens,
1939 2465 2073 2541 plus
2114 2474 2351 2525 mortua
2392 2463 2623 2525 cunctis

1016 2565 1220 2641 Atque
1257 2561 1540 2622 creaturis
1579 2560 1698 2623 vile
1738 2561 1997 2622 cadauer
2038 2562 2237 2622 habet.

1100 2661 1159 2722 O
1201 2658 1512 2735 speculum
1551 2658 1795 2719 mortis!
1850 2669 2149 2736 quotquot
2190 2658 2575 2735 speculantur
2612 2658 2678 2717 in
2718 2657 2841 2729 ino,

1019 2756 1082 2818 Si
1124 2756 1281 2818 bene
1321 2774 1386 2817 se
1425 2752 1683 2828 videant,
1727 2755 1912 2833 gloria
1953 2756 2117 2815 nulla
2158 2766 2361 2833 patet:

1021 2857 1292 2916 Aduerse
1332 2854 1538 2913 mortis
1579 2855 1666 2914 sic
1705 2853 1857 2913 ordo
1898 2854 2270 2931 retrogradus
2310 2863 2485 2926 extat,

1021 2953 1207 3029 Quod
1247 2952 1451 3013 statuit
1491 2950 1712 3012 oeudas
1753 2951 1831 3011 ad
1872 2962 2053 3028 caput
2092 2970 2225 3012 esse
2264 2970 2451 3029 pares.
2960 2973 3067 3026 950

1021 3053 1080 3111 A
1119 3068 1320 3109 morsu
1361 3049 1548 3109 vetito
1587 3066 1749 3109 mors
1792 3048 2047 3124 dicitur3
2104 3049 2308 3109 omnia
2348 3048 2633 3109 mordens

1022 3148 1305 3209 Nominis
1347 3147 1590 3223 exponit
1629 3146 1960 3223 significata
2002 3147 2111 3206 sui.

1023 3245 1234 3306 Rebus
1274 3244 1337 3303 in
1381 3244 1619 3305 incertis
1657 3243 1809 3303 nihil
1850 3254 1941 3303 est
1980 3244 2273 3304 incercius
2314 3245 2463 3304 hora

1025 3342 1257 3415 MortiS,
1301 3352 1494 3401 morte
1533 3341 1718 3400 nichil
1758 3341 1987 3401 cercius
2026 3358 2159 3402 esse
2198 3352 2415 3418 potest.

1029 3442 1194 3500 Dum
1238 3438 1434 3497 minus
1475 3456 1606 3497 esse
1646 3447 1833 3514 putat,
1878 3437 2185 3498 hominem
2227 3456 2387 3498 mors
2428 3438 2593 3512 fallit,
2638 3448 2699 3498 et
2739 3439 2869 3515 ipse

1027 3538 1150 3614 Qui
1193 3534 1380 3614 magis
1423 3545 1513 3595 est
1554 3553 1735 3595 sanus
1776 3535 2053 3597 clanculo
2090 3537 2245 3596 celat
2286 3554 2457 3599 eam:

1028 3635 1173 3695 Non
1213 3634 1323 3696 erit
1362 3631 1713 3709 astrologus,
1754 3633 2025 3693 medicus
2066 3651 2189 3707 seu,
2232 3634 2314 3693 de
2354 3632 2655 3693 medicina

1027 3730 1151 3806 Qui
1194 3729 1608 3807 prolongatum
1651 3730 1842 3806 possit
1881 3730 2103 3791 habere
2142 3730 2322 3790 diem.

1030 3828 1131 3888 Sic
1172 3827 1374 3901 homo,
1419 3828 1507 3888 sic
1545 3825 1769 3887 animal
1810 3828 2028 3905 pariter
2066 3828 2416 3901 moriuntur,
2460 3837 2525 3888 et
2561 3826 2745 3887 ambo

1031 3924 1108 3983 In
1147 3932 1362 3983 terram
1403 3923 1655 3984 redeunt
1695 3925 2055 3985 condicione
2095 3926 2236 4001 pari.
2970 3932 3075 3998 9⁶0

1031 4020 1142 4080 Est
1182 4022 1365 4080 nichil
1407 4032 1763 4099 exceptum:
1816 4022 2105 4100 quicquid
2146 4022 2213 4083 fit
2254 4022 2317 4081 in
2356 4020 2505 4082 orbe
2544 4030 2827 4096 creatum,

1037 4117 1204 4178 Sicut
1243 4116 1424 4179 habet
1464 4120 1662 4193 vitam,
1705 4129 1941 4181 constat
1982 4120 2202 4181 habere
2242 4138 2471 4181 necem.

1113 4214 1287 4277 Clam
1331 4216 1576 4278 veniens
1615 4218 1891 4279 thalamis
1934 4235 2093 4279 mors
2133 4216 2365 4279 furtiuis
2405 4218 2563 4278 volat
2602 4216 2726 4291 aliz,

1305 4351 1405 4401 931
1439 4338 1656 4401 imperat
1678 4338 1723 4391 C
1918 4341 2013 4405 961
2052 4340 2111 4389 fit
2136 4338 2175 4389 S
2240 4340 2309 4391 sit
2330 4337 2626 4390 CEHGDL
