3434 5142
1164 473 1449 538 LIBER
1508 473 1940 553 QUINTUS

694 638 801 697 Ha
840 637 1131 714 quociens
1172 637 1326 698 fictis
1366 635 1562 696 verbis
1603 637 1846 697 exardet
1884 645 2131 711 amator,

615 735 778 794 Dum
822 745 1075 812 temptat
1116 735 1307 795 forme
1348 733 1605 795 subdola
1645 734 1848 811 lingua
1887 732 2084 796 bonel

613 834 687 892 In
728 835 884 893 vicio
924 835 1108 894 decor
1148 842 1257 908 est,
1302 833 1514 894 mulier
1554 833 1605 892 si
1646 829 1835 893 verba
1867 832 2145 909 placendi

612 931 755 992 Non
796 931 997 1008 habet,
1040 941 1105 993 vt
1146 933 1341 993 fatuos
1380 941 1669 1010 prouocet
1710 932 1854 992 inde
1895 931 2088 1008 viros;

610 1029 958 1108 Crebraque
998 1031 1327 1108 complexis
1366 1029 1645 1090 manibus
1688 1030 1939 1106 suspiria
1979 1030 2176 1105 mittit,

612 1129 743 1189 Nec
784 1127 899 1190 sibi
938 1129 1206 1206 pollicito
1246 1128 1517 1206 pondere
1557 1125 1740 1187 verba
1779 1136 2020 1188 carent:

609 1225 763 1302 Sepe
804 1237 979 1286 sonat
1016 1245 1263 1287 raucum
1304 1225 1629 1303 quoddam,
1674 1235 1766 1286 set
1805 1223 2064 1286 amabile
2104 1226 2272 1299 ridet,

613 1323 910 1400 Blesaque
951 1323 1019 1384 fit
1058 1322 1229 1384 bleso
1269 1325 1473 1401 lingua
1511 1333 1720 1384 coacta
1761 1341 1933 1383 sono,

614 1421 756 1496 Quo
797 1440 923 1482 non
964 1441 1059 1482 ars
1098 1423 1316 1500 poterit
1332 1424 1360 1482 Ρ
1413 1422 1589 1482 discit
1629 1421 1936 1482 lacrimare
1977 1421 2278 1496 decenter,

616 1519 803 1578 Fallat
842 1529 906 1579 vt
947 1519 1059 1580 hos
1101 1521 1267 1580 vultu
1309 1538 1463 1597 quos
1506 1537 1704 1596 neque
1745 1537 1944 1580 sermo
1983 1518 2198 1594 trahit;

612 1615 895 1678 Vultibus
937 1627 998 1677 et
1038 1617 1295 1676 lacrimis
1336 1617 1397 1676 in
1439 1618 1585 1678 falsa
1626 1617 1985 1678 cadentibus
2025 1635 2129 1677 ora

612 1713 853 1790 Decipit
895 1724 955 1774 et
996 1714 1165 1792 fingit
1204 1715 1299 1774 vix
1341 1713 1454 1775 sibi
1497 1733 1674 1791 posse
1715 1714 1882 1792 loqui
1907 1735 1926 1790 3

617 1811 696 1871 Et
737 1812 1026 1888 quociens
1068 1830 1221 1889 opus
1266 1823 1373 1886 est,
1418 1813 1591 1872 fallax
1634 1822 1862 1890 egrotat
1901 1811 2110 1884 amica,

612 1909 829 1969 Vultus
870 1919 931 1970 et
973 1911 1228 1972 exterius
1269 1909 1503 1988 absque
1543 1909 1753 1971 dolore
1791 1909 1972 1970 dolet.

612 2007 887 2068 Monstra
926 2008 1105 2068 maris
1147 2007 1383 2068 Sirenes
1424 2015 1610 2080 erant,
1654 2024 1774 2084 que
1813 2023 1963 2066 voce
2003 2021 2222 2066 canora

614 2103 929 2179 Quaslibet
969 2106 1262 2166 admissas
1302 2104 1627 2165 detenuere
1668 2113 1859 2179 rates;

614 2201 713 2261 Sic
756 2203 858 2280 qui
899 2200 1233 2263 blandicias
1272 2202 1441 2262 audit
1482 2202 1659 2262 solito
1700 2199 2040 2274 muliebreS,

614 2298 757 2360 Non
798 2300 954 2360 valet
994 2319 1031 2360 a
1072 2300 1241 2377 lapsu
1282 2301 1484 2360 saluus
1523 2297 1689 2360 abire
1729 2300 1967 2377 pedem.

614 2397 864 2474 Pingere
905 2397 1059 2458 sicut
1100 2396 1283 2457 habet
1324 2397 1541 2457 multas
1583 2414 1798 2457 manus
1839 2414 1956 2456 vna
1997 2397 2229 2474 figuraS,

615 2494 753 2569 Que
794 2494 969 2554 variis
1010 2495 1215 2555 formis
1258 2493 1611 2555 diuaricabit
1652 2512 1822 2571 opus,

614 2591 753 2652 Sola
793 2591 908 2652 sibi
949 2593 1141 2653 varios
1182 2593 1397 2653 mulier
1436 2593 1523 2653 sic
1562 2601 1740 2669 auget
1779 2602 2068 2666 amantes,

618 2689 789 2764 Quos
830 2691 1041 2751 Venus
1081 2691 1143 2751 in
1186 2692 1410 2751 fatuam
1454 2690 1699 2750 credere
1739 2691 1899 2768 cogit
1939 2707 2137 2767 opem.

616 2787 801 2862 Quod
844 2797 1053 2848 natura
1092 2787 1208 2850 sibi
1249 2789 1485 2866 sapiens
1524 2789 1711 2862 dedit,
1757 2788 1856 2848 illa
1895 2787 2191 2862 reformat,

615 2885 696 2945 Et
737 2887 933 2962 placet
974 2887 1036 2946 in
1078 2885 1263 2948 blesis
1304 2873 1562 2947 subdola
1602 2887 1807 2964 lingua
1848 2887 2008 2962 suis;

615 2982 764 3043 Eius
804 2984 965 3044 enim
1008 2985 1205 3061 plures
1245 2985 1440 3044 fatuos
1482 2983 1763 3043 facundia
1802 2993 2058 3062 torquet,

616 3081 780 3139 Dum
822 3082 1008 3141 modo
1048 3082 1319 3155 ridend0,
1366 3099 1527 3141 nunc
1568 3099 1812 3159 quoque
1854 3081 2060 3141 flendo
2100 3081 2308 3158 placet.

616 3177 715 3238 Sic
756 3179 941 3256 fragili
984 3179 1172 3256 pingit
1212 3188 1371 3240 totas
1410 3179 1475 3238 in
1515 3196 1772 3256 corpore
1812 3189 2024 3256 partes,

614 3275 805 3336 Addit
845 3288 905 3337 et
944 3278 1023 3337 ad
1065 3279 1314 3336 formam
1358 3294 1541 3352 quam
1583 3276 1737 3336 deus
1779 3276 1906 3353 ipse
1945 3276 2130 3336 dedit.

615 3373 817 3434 Huius
858 3393 971 3451 ego
1012 3375 1237 3433 crimen
1280 3373 1545 3433 detestor
1584 3373 1734 3434 serre
1774 3373 2029 3451 loquele,

615 3472 814 3547 Quam
856 3470 1043 3550 magis
1084 3479 1361 3549 expertus
1398 3471 1547 3531 alter
1585 3469 1665 3530 ab
1704 3480 1846 3531 ante
1886 3470 2060 3544 tulit;

614 3569 844 3630 Codice
884 3589 1101 3648 nempe
1142 3588 1256 3631 suo
1295 3571 1543 3630 reseram
1586 3587 1705 3647 que
1743 3570 2007 3629 carmina
2049 3579 2211 3630 vates

614 3668 869 3729 Rettulit
911 3669 1186 3743 Ouidius,
1232 3687 1345 3729 nec
1385 3667 1567 3728 michi
1610 3666 1792 3728 verba
1833 3676 2054 3728 tenent.

693 3767 896 3843 thue
936 3784 1109 3826 suum
1152 3766 1388 3826 iuuenis
1428 3766 1641 3826 mulier
1680 3783 1917 3826 seruare
1957 3765 2239 3826 decorem

617 3864 901 3940 Temptat
944 3874 1004 3924 et
1045 3864 1107 3923 in
1150 3864 1325 3924 variis
1366 3864 1729 3941 amplificare
1770 3862 1988 3935 studet,

612 3959 713 4020 Sic
752 3971 921 4021 vetus
963 3962 1164 4022 amissi
1206 3963 1469 4040 speciem
1508 3980 1800 4022 renouare
1839 3959 2055 4020 coloris

614 4057 825 4134 Spirat,
870 4069 930 4120 et
968 4060 1285 4138 vnguentis
1326 4057 1667 4120 sollicitabit
1707 4076 1883 4136 opus,

618 4156 884 4217 Horrida
924 4159 1080 4218 sicut
1120 4176 1333 4234 yemps
1372 4158 1494 4235 agit
1533 4167 1596 4217 vt
1637 4174 1837 4233 neque
1877 4156 1998 4216 lilia
2042 4154 2272 4230 florent,

614 4253 717 4314 Set
757 4255 906 4332 riget
946 4256 1163 4315 amissa
1204 4255 1377 4332 spina
1416 4254 1619 4315 relicta
1660 4273 1808 4328 rosa,

613 4351 713 4412 Sic
752 4353 904 4430 rapit
942 4371 979 4413 a
1020 4352 1210 4413 forma
1250 4363 1479 4413 veteres
1517 4363 1645 4422 etas
1685 4352 1981 4427 mulieres,

745 4467 845 4530 368
879 4466 1149 4518 detinuere
1170 4466 1260 4518 (ΣΕ
1454 4465 1555 4530 389
1588 4465 1812 4531 hyemps
1833 4465 1877 4516 C
2073 4481 2176 4530 390
2207 4463 2296 4516 Sic
2319 4463 2362 4516 C

1504 4565 1541 4608 Ρ
1572 4567 1604 4608 2

2529 495 2646 542 211

2556 2321 2657 2375 570

2555 3284 2654 3346 380

2553 4275 2652 4328 390
