3434 5142
1180 473 1469 538 LIBER
1528 474 1890 539 PRIMUS

578 635 851 711 Desuper
892 632 978 694 ira
1020 641 1205 707 tonat,
1254 633 1467 694 subtus
1509 644 1868 711 rumpuntur
1905 632 2110 709 abissi,

576 733 657 793 Et
696 734 775 794 de
815 733 1141 794 visceribus
1182 742 1335 793 terra
1376 732 1602 793 fluenta
1641 734 1830 792 vomit
1846 750 1866 809 3

578 831 857 892 Insolitas
898 830 1133 909 pluuias
1175 830 1369 892 nubes
1410 831 1663 891 effundit
1704 838 1766 891 et
1807 829 2012 904 vndaS,

577 928 840 989 Sustinet
883 929 1227 989 innumeras
1268 926 1533 1006 vndique
1572 928 1746 987 nauis
1767 942 1906 987 eas,

581 1027 799 1087 Nescia
838 1027 1046 1105 sicque
1085 1046 1311 1106 vagans
1352 1027 1525 1086 nauis
1568 1045 1689 1103 qua
1729 1036 1890 1087 sorte
1931 1027 2172 1101 fruatur,

578 1126 833 1203 Equoris
875 1136 934 1185 et
976 1125 1181 1203 pluuie
1222 1126 1308 1185 sic
1348 1135 1513 1185 natat
1555 1125 1707 1185 inter
1747 1142 1972 1202 aquas3

575 1223 655 1283 Et
696 1242 859 1284 mare
900 1224 1145 1285 terribili
1185 1223 1501 1285 confundit
1542 1241 1847 1283 murmure
1888 1232 2139 1297 mentes,

578 1321 763 1398 Quod
804 1322 983 1383 timor
1024 1340 1098 1383 ex
1140 1323 1272 1382 solo
1314 1331 1492 1383 terret
1532 1320 1757 1400 vbique
1798 1340 1969 1382 sono.

575 1420 827 1479 Tristius
869 1429 931 1481 et
970 1421 1167 1481 celum
1210 1418 1473 1480 tenebris
1515 1419 1840 1480 obducitur
1879 1418 2037 1494 atris,

574 1519 691 1577 Vix
733 1517 894 1578 videt
935 1536 1009 1579 ex
1050 1518 1241 1578 oculis
1284 1518 1397 1577 iste
1437 1517 1533 1578 vel
1573 1517 1673 1577 ille
1714 1536 1944 1577 manus.

576 1616 675 1676 De
712 1614 845 1675 celo
884 1616 1135 1676 veniunt
1174 1625 1321 1676 tunc
1364 1615 1531 1692 signa
1572 1614 1875 1674 minancia
1915 1622 2194 1688 mortem,

574 1712 789 1773 Omnis
832 1722 892 1772 et
933 1722 1207 1790 expectat
1249 1711 1399 1790 quid
1442 1712 1555 1772 sibi
1598 1712 1721 1771 fata
1759 1711 2007 1772 volunt:

576 1812 853 1887 Desuper
892 1811 1171 1888 impletur
1211 1810 1469 1871 flammis
1509 1808 1816 1869 vltricibus
1857 1827 1972 1879 aer,

574 1909 651 1968 Et
693 1907 854 1968 furor
893 1927 967 1969 ex
1008 1909 1175 1967 omni
1216 1918 1384 1985 parte
1426 1916 1703 1985 perurget
1743 1925 1970 1983 aquas:

574 2005 760 2083 Ignea
798 2016 944 2065 tunc
985 2006 1218 2066 sonitus
1259 2004 1543 2066 diffundit
1584 2005 1826 2064 flamma
1867 2005 2112 2078 sermea,

574 2104 653 2164 Et
694 2104 947 2164 scintilla
988 2104 1157 2181 quasi
1200 2104 1452 2163 fulmina
1490 2120 1695 2180 spersa
1733 2102 1910 2163 volat.

572 2202 924 2279 Igniuomus
967 2202 1185 2262 fluuius
1224 2203 1311 2262 sic
1352 2220 1465 2261 nos
1506 2199 1838 2277 torquebat,
1883 2208 1946 2260 vt
1985 2199 2184 2259 omnis

572 2298 883 2359 Submisso
922 2299 1117 2376 capite
1158 2308 1359 2360 mutus
1400 2299 1465 2357 in
1506 2316 1609 2359 ore
1650 2298 1820 2358 silet:

574 2396 795 2456 Deficit
834 2414 929 2455 ars
968 2396 1275 2473 animique
1314 2397 1543 2457 cadunt
1582 2396 1856 2472 viresque
1897 2393 2213 2469 fatescunt,

571 2494 703 2555 Nec
742 2492 853 2552 fuit
894 2493 1135 2553 vlterius
1178 2512 1315 2570 spes
1354 2493 1627 2570 aliqualis
1670 2492 1774 2552 eis·

652 2592 749 2651 En
788 2609 967 2668 super
1004 2592 1125 2651 hoc
1163 2591 1413 2652 veniens
1452 2591 1762 2651 inmensus
1801 2588 1982 2649 belua
2020 2599 2212 2667 ponto

573 2689 831 2763 Eminet,
878 2707 953 2751 ex
992 2689 1164 2749 cuius
1207 2688 1451 2749 naribus
1496 2688 1655 2749 vnda
1696 2696 1902 2748 tonat=

571 2787 715 2863 Ipse
753 2786 917 2847 velut
958 2787 1130 2847 nauis
1170 2786 1427 2863 prefixus
1467 2786 1705 2847 concita
1745 2795 1934 2845 rostro

571 2885 773 2945 Sulcat
813 2902 1017 2962 aquaS,
1063 2894 1125 2946 et
1166 2903 1309 2945 eum
1349 2894 1569 2945 cuncta
1608 2884 1947 2962 propinqua
1985 2884 2241 2945 timent:

571 2983 713 3059 Ipse
754 2980 919 3042 ferox
959 2983 1147 3043 latum
1188 2981 1303 3043 sub
1344 2992 1588 3060 pectore
1630 2980 1900 3059 possidet
1941 2998 2146 3059 equor,

572 3081 653 3141 Et
692 3080 993 3157 propriata
1032 3079 1149 3141 sibi
1190 3080 1319 3140 iura
1358 3080 1587 3139 marina
1628 3079 1812 3156 petit:

571 3178 776 3237 Frater
814 3187 941 3238 erat
981 3177 1151 3252 Cille,
1196 3176 1419 3239 furiens
1461 3178 1647 3255 magis
1688 3178 1818 3253 ipse
1859 3174 2124 3251 caribdi,

574 3275 655 3334 Et
689 3273 852 3335 velut
892 3292 962 3334 os
1006 3272 1255 3348 Herebi‚
1300 3292 1419 3352 que
1462 3285 1629 3335 voret
1668 3274 1800 3351 ipse
1839 3273 2008 3350 petit.

572 3371 841 3432 Perdidit
882 3371 997 3435 hiis
1038 3356 1179 3433 visi&
1220 3372 1505 3432 audacior
1544 3372 1756 3431 intima
1795 3370 1994 3431 cordis

570 3468 834 3543 Robora,
876 3488 998 3548 que
1038 3470 1239 3531 subito
1279 3470 1517 3547 surripit
1556 3470 1655 3532 ille
1696 3488 1886 3546 pauor
1900 3490 1920 3545 3

571 3567 823 3645 Iamque
862 3566 1239 3645 gubernator,
1281 3568 1499 3629 tollens
1537 3569 1618 3629 ad
1658 3567 1854 3628 sidera
1893 3566 2140 3645 palmas„

572 3666 858 3743 Exposcit
898 3667 1053 3727 votis
1094 3667 1391 3727 inmemor
1429 3666 1571 3726 artis
1612 3684 1828 3743 opem:

572 3762 847 3824 Vincitur
886 3782 981 3824 ars
1022 3776 1221 3837 vento,
1266 3781 1467 3841 neque
1508 3764 1627 3824 iam
1669 3763 2013 3824 moderator
2051 3760 2304 3823 habenis

568 3861 785 3935 Vtitur,
828 3860 1017 3921 immo
1056 3879 1205 3938 vaga
1244 3878 1353 3938 per
1390 3861 1539 3921 freta
1578 3861 1750 3921 nauis
1790 3864 1932 3921 arat.

568 3958 747 4019 Tunc
788 3957 971 4037 quasi·
1001 3955 1343 4019 febricitans
1384 3976 1455 4019 os
1496 3976 1708 4018 omnes
1751 3958 1978 4017 horruit
2017 3974 2204 4031 escas,

568 4056 872 4133 Mensque
910 4055 1099 4115 vomit
1138 4073 1351 4115 sensus
1390 4054 1621 4133 absque
1660 4056 1850 4115 salute
1891 4073 2068 4115 suos:

568 4152 822 4213 Brachia
862 4170 1001 4213 cum
1044 4152 1277 4229 palmis,
1321 4153 1531 4213 oculos
1571 4171 1713 4212 cum
1755 4162 2080 4229 menteque
2120 4153 2270 4215 tristi

569 4249 645 4311 In
686 4251 883 4310 celum
927 4250 1201 4325 tendens,
1245 4250 1507 4327 postulat
1548 4250 1748 4311 omnis
1788 4268 2002 4327 opem:

566 4348 711 4409 Non
752 4357 919 4409 tenet
960 4347 1059 4406 hic
1100 4348 1389 4422 lacrimas,
1434 4357 1634 4425 stupet
1674 4348 1790 4421 hic,
1833 4358 2008 4409 vocat
2047 4348 2148 4410 ille
2189 4348 2416 4422 beatos,

918 4462 1049 4521 1706
1080 4458 1169 4511 ille
1190 4460 1273 4513 vel
1297 4460 1397 4511 iste
1421 4460 1512 4513 cle:
1711 4474 1838 4523 172⁴
1869 4472 2025 4524 quem
2051 4460 2100 4510 D

2497 948 2622 1001 1700

2491 1924 2619 1979 1710

2489 2904 2616 2958 1720

2485 3882 2614 3936 1730
