3434 5142
792 492 877 556 32
1496 472 1693 538 VOX
1751 470 2294 539 CLAMANTIS

960 636 1242 713 Dampna
1284 634 1480 695 ferunt
1519 634 1693 697 variis
1736 633 1901 695 milia
1939 632 2103 695 mille
2142 633 2358 695 modis.

959 734 1103 793 Non
1142 751 1286 811 aper
1325 732 1424 795 ille
1464 731 1645 805 ferox,
1687 731 1952 809 agitabat
1990 748 2172 809 quem
2218 732 2524 809 Meleager

958 832 1035 893 In
1078 849 1389 892 nemorum
1436 827 1693 904 latebriS,
1739 840 1864 891 tam
1905 830 2202 891 violentus
2241 840 2383 905 erat,

958 928 1125 1006 Quin
1167 929 1355 1005 magis
1396 928 1458 987 in
1500 929 1696 1005 porcis
1739 928 1878 991 furit
1918 937 1980 989 et
2017 928 2346 989 violencius
2385 927 2514 989 istis

960 1028 1057 1087 Ira
1099 1038 1293 1101 nocet,
1338 1044 1458 1104 que
1498 1027 1621 1087 suis
1660 1023 1946 1087 dentibus
1983 1044 2149 1087 arma
2189 1036 2372 1105 parat.

958 1125 1062 1185 Nil
1102 1126 1374 1187 sedimen
1416 1125 1511 1185 vel
1550 1143 1793 1187 amurca
1833 1126 2044 1201 placet,
2089 1123 2274 1183 nichil
2311 1133 2496 1203 atque
2536 1124 2848 1202 segistrum

958 1224 1223 1297 Confert,
1267 1233 1331 1284 vt
1370 1222 1547 1283 dictis
1590 1224 1709 1283 sint
1749 1222 2032 1283 alimenta
2072 1222 2248 1297 feris;
2897 1232 2999 1295 360

960 1322 1103 1381 Non
1145 1321 1389 1398 siliquas
1429 1321 1579 1381 silue
1619 1320 1934 1397 quercinas
1972 1329 2078 1379 aut
2119 1319 2232 1380 sibi
2273 1320 2522 1397 glandes

960 1421 1253 1497 Qum-unt,
1298 1430 1389 1479 set
1430 1418 1667 1495 rapiunt
1708 1436 1830 1495 que
1870 1418 2116 1479 meliora
2156 1418 2400 1492 vident;

960 1518 1161 1595 Spisse
1202 1516 1286 1576 nil
1327 1517 1501 1591 feces,
1544 1534 1703 1594 aqua
1745 1534 1860 1576 nec
1900 1517 2240 1577 communis
2281 1534 2492 1577 eorum

960 1615 1187 1677 Sufficit
1226 1615 1307 1676 ad
1347 1626 1580 1692 potum,
1620 1625 1711 1677 set
1755 1614 1915 1677 bona
1956 1614 2094 1675 vina
2131 1624 2359 1675 vorant.

960 1713 1211 1773 Rustica
1252 1722 1477 1787 natura,
1519 1713 1667 1774 dum
1709 1713 1823 1774 fert
1863 1713 2166 1791 incognita
2205 1712 2360 1787 vina,

960 1812 1240 1871 Mortuus
1281 1820 1343 1870 vt
1384 1822 1627 1871 truncus
1670 1810 1958 1873 ebrietate
1999 1811 2190 1873 iacet:

959 1909 1059 1969 Sic
1096 1908 1237 1986 gula
1276 1927 1595 1985 porcorum
1634 1909 1838 1987 viguit,
1881 1907 2049 1986 quod
2090 1909 2152 1968 in
2193 1907 2340 1968 vrbe
2379 1908 2618 1986 quietos

959 2006 1077 2064 Vix
1118 2016 1351 2083 poterat
1391 2007 1659 2085 proprios
1698 2008 1873 2068 diues
1913 2006 2136 2067 habere
2175 2004 2361 2067 cibos.

958 2105 1238 2182 Amplius
1278 2104 1611 2181 hospicium
1655 2122 1974 2181 porcorum
2017 2122 2144 2165 non
2182 2122 2284 2165 ara
2323 2105 2523 2181 fertur,

960 2203 1251 2265 Sordidus
1289 2212 1395 2263 aut
1434 2202 1634 2279 puluis
1674 2203 1864 2263 lectus
1905 2201 2222 2262 habendus
2263 2203 2386 2265 eis:
2901 2222 3003 2275 ³⁷0

963 2303 1163 2362 Immo
1204 2319 1313 2361 sua
1353 2301 1531 2361 sorde
1568 2301 1875 2360 calcarunt
1915 2300 2074 2377 regia
2114 2310 2288 2375 tecta,

960 2400 1141 2461 Vrbis
1182 2409 1245 2461 et
1286 2401 1348 2459 in
1390 2400 1593 2461 medio
1634 2396 1931 2459 nobiliora
1971 2409 2202 2476 petunt.

964 2500 1173 2576 Nuper
1212 2499 1510 2558 deformes
1552 2498 1740 2559 modo
1781 2498 2288 2571 transformantur,
2331 2506 2394 2559 et
2432 2496 2566 2559 illos

964 2597 1088 2673 Qui
1129 2597 1361 2656 fuerant
1401 2595 1565 2673 porci
1606 2595 1798 2656 forma
1838 2594 2094 2674 superba
2133 2596 2313 2658 colit:

961 2693 1047 2752 Vt
1088 2693 1186 2753 leo
1226 2694 1332 2770 qui
1372 2693 1525 2770 rugit
1566 2692 1756 2753 fuerat
1795 2693 2106 2770 grunnitus
2148 2712 2375 2765 eorum,

962 2791 1063 2851 Ad
1105 2809 1361 2869 quorum
1402 2790 1635 2851 sonitus
1672 2792 1944 2852 concutit
1986 2790 2196 2851 Eccho
2237 2808 2466 2853 nemus·

963 2890 1075 2949 Hii
1116 2890 1349 2949 fuerant
1388 2889 1571 2967 porci,
1618 2889 1970 2949 maledictus
2011 2889 2251 2966 spiritus
2291 2889 2355 2949 in
2396 2906 2552 2967 quos

963 2987 1231 3060 Intravit,
1276 2986 1430 3047 sicut
1471 2986 1661 3049 leccio
1701 2996 1908 3049 sancta
1947 2987 2140 3049 refert.

870 3216 989 3273 Hic
1024 3218 1177 3275 dicit
1208 3234 1283 3275 se
1316 3234 1430 3288 per
1460 3219 1816 3288 sompnium
1853 3222 2150 3288 quartam
2183 3218 2364 3289 vulgi
2396 3220 2670 3275 turmam
2706 3218 2772 3275 in
2811 3232 3004 3275 canes

800 3306 1041 3362 vidisse
1076 3310 1402 3363 mutatam.

682 3440 881 3517 Capu.
914 3460 969 3504 v·
1094 3443 1241 3503 Post
1279 3441 1525 3519 vidique
1564 3459 1746 3503 canes
1785 3450 2010 3503 stantes
2053 3440 2225 3519 quasi
2265 3440 2451 3503 millia
2489 3439 2652 3504 dena

964 3542 1293 3613 Latrantes,
1338 3558 1458 3618 que
1498 3540 1620 3600 suis
1662 3539 1912 3600 vocibus
1949 3556 2096 3599 arua
2135 3549 2416 3603 tremunt.
2905 3549 3006 3612 380

964 3639 1061 3696 En
1100 3638 1346 3699 dederat
1388 3647 1600 3699 cantus
1640 3638 1792 3697 lucis
1831 3638 2195 3715 prenuncius
2235 3639 2376 3713 aleS,

960 3733 1120 3790 Aera
1159 3731 1277 3790 iarn
1320 3732 1541 3791 furiens
1582 3730 1851 3792 verberat
1893 3731 1977 3791 ira
2018 3750 2253 3792 canum.

966 3828 1133 3888 Mica
1172 3838 1263 3889 set
1302 3846 1339 3887 a
1380 3846 1589 3888 mensa
1628 3828 2012 3890 dominorum
2056 3847 2179 3907 que
2217 3829 2378 3889 mdit
2417 3846 2560 3893 esoe

964 3926 1109 3986 Non
1151 3925 1261 3986 fuit
1302 3924 1416 3985 hiis
1457 3924 1726 4001 mnibus,
1769 3944 1907 3987 ossa
1948 3944 2062 3987 nec
2103 3926 2225 3986 ulla
2263 3926 2541 4005 placent3

964 4021 1265 4083 Faucibus
1305 4023 1495 4085 immo
1536 4024 1657 4085 suis
1700 4026 1947 4085 meliora
1987 4022 2210 4085 cibaria
2249 4036 2526 4101 poscunt,

963 4123 1059 4182 Ac
1096 4121 1200 4182 vbi
1240 4122 1601 4200 perueniunt
1640 4122 1872 4201 singula
1912 4140 2109 4182 crassa
2147 4133 2377 4184 vorant.

962 4218 1235 4280 Gentiles
1274 4229 1477 4280 tamen
1516 4237 1660 4280 ecce
1700 4237 1880 4280 mnes
1921 4218 2036 4281 hiis
2075 4220 2354 4281 associati

964 4315 1109 4380 Non
1150 4327 1306 4393 sunt,
1351 4326 1443 4379 set
1480 4316 1629 4377 viles
1669 4336 1824 4395 quos
1865 4318 2029 4378 scola
2069 4317 2235 4378 nulla
2275 4317 2496 4389 docetz

1618 4476 1723 4527 379
1751 4462 1981 4529 vidique]
2005 4463 2114 4517 vidi
2135 4464 2185 4517 D
