3434 5142
1157 479 1443 544 LIBER
1502 479 1937 558 QUINTUS
2528 499 2651 562 223

607 638 797 702 Cuius
840 640 901 699 in
942 638 1187 700 arbitrio
1228 640 1375 700 dant
1414 659 1523 700 sua
1563 640 1722 702 sacta
1761 639 1985 702 modo:

608 738 883 798 Fabricat
922 737 1037 798 ista
1076 737 1305 816 ciphOS,
1348 749 1657 815 argentum
1701 748 1912 815 purgat
1953 749 2014 800 et
2054 755 2281 810 aurum,

608 836 712 896 Set
752 835 913 912 capit
951 853 1025 896 ex
1064 854 1217 913 puro
1258 835 1463 912 purius
1504 836 1632 912 ipsa
1672 846 1780 896 tuo
1803 857 1822 911 3
2553 853 2654 910 790

608 933 873 994 Conficit
914 951 985 994 ex
1026 934 1189 994 vitris
1228 951 1521 1011 gemmas·
1539 935 1717 994 oculo
1758 933 2072 1010 preciosas,

608 1031 853 1092 Nomen
894 1042 955 1092 et
994 1031 1164 1092 addit
1204 1032 1308 1104 eis,
1353 1032 1515 1092 fallat
1554 1041 1617 1090 vt
1658 1032 1802 1091 inde
1841 1032 2046 1109 magis.

610 1129 672 1190 Si
717 1129 865 1206 quid
908 1128 1095 1189 habes
1136 1129 1340 1206 panni,
1386 1129 1465 1190 de
1506 1147 1629 1206 quo
1671 1129 1782 1189 tibi
1823 1130 1912 1190 vis
1951 1129 2078 1190 sore
2122 1138 2368 1200 vestem,

614 1227 798 1286 Fraus
840 1227 949 1287 tibi
990 1226 1209 1287 scindit
1250 1245 1402 1302 eam,
1445 1245 1581 1304 pars
1623 1237 1828 1288 manet
1866 1246 1984 1287 vna
2023 1225 2174 1299 sibi3

613 1325 911 1401 Quamuis
954 1325 1040 1384 nil
1080 1324 1156 1385 sit
1197 1343 1350 1402 opus
1390 1325 1573 1385 vestis
1612 1343 2014 1403 mensuraque
2054 1325 2218 1398 fallit,

615 1423 757 1484 Plus
798 1423 959 1500 capit
1000 1441 1073 1484 ex
1114 1442 1295 1500 opere
1334 1441 1517 1500 quam
1556 1425 1715 1485 valet
1757 1442 1938 1485 omne
1979 1422 2104 1484 tibi.

613 1523 718 1582 Set
758 1522 907 1599 quid
948 1521 1261 1599 pellicibus
1302 1521 1471 1596 albis,
1516 1522 1713 1598 nigris»,
1757 1540 2002 1600 quoque
2041 1523 2211 1600 grisis

616 1620 879 1679 Dicam?
932 1618 1230 1697 numquid
1272 1621 1357 1680 eis
1402 1621 1585 1680 Fraus
1628 1620 1794 1680 iuuat
1833 1619 1962 1697 ipsa
2003 1621 2210 1697 prius?

617 1719 801 1777 Fraus
842 1717 1031 1793 prima
1074 1717 1227 1778 facie
1267 1718 1445 1778 trahit
1486 1717 1547 1776 in
1590 1717 1838 1794 longum
1879 1718 2022 1777 satis
2063 1727 2221 1794 apte,

616 1815 801 1891 Quod
842 1814 1019 1874 trahit
1060 1815 1179 1875 hoc
1218 1815 1418 1888 hodie,
1462 1833 1591 1875 cras
1632 1825 1794 1875 caret
1835 1815 1978 1875 inde
2019 1815 2214 1891 pede:
2559 1823 2660 1870 800

618 1913 803 1973 Fraus
844 1929 1087 1988 quoque
1128 1910 1349 1972 debilia
1390 1913 1659 1972 vendens
1699 1931 1836 1972 care
1879 1911 2016 1972 facit
2056 1928 2236 1985 arma,

618 2009 974 2072 Coun-actos
1014 2020 1076 2070 et
1118 2028 1307 2086 equos
1350 2011 1533 2070 Fraus
1575 2011 1715 2070 facit
1757 2009 2112 2087 armigeros:

619 2109 873 2168 Fluxum
912 2107 1164 2167 candele
1206 2108 1389 2166 Fraus
1434 2108 1512 2168 de
1552 2108 1917 2186 pinguedine
1958 2107 2113 2167 facte

619 2208 933 2278 Prouocat,
977 2203 1119 2265 hinc
1162 2204 1353 2264 fluxus
1394 2206 1472 2265 sit
1511 2204 1624 2264 sibi
1667 2215 2024 2283 perpetuus:

618 2305 805 2364 Fraus
844 2303 1035 2363 eciam
1076 2302 1268 2375 seIIaS,
1314 2321 1517 2364 ocreas
1560 2303 1701 2388 facit
1743 2313 1805 2363 et
1845 2303 2178 2377 sotulares3

619 2402 885 2463 Omnem
928 2419 1089 2459 nunc
1129 2411 1316 2460 artem
1362 2400 1545 2460 Fraus
1588 2400 1730 2459 facit
1769 2417 1902 2460 esse
1943 2418 2134 2459 suam.

701 2499 886 2558 Fraus
927 2497 1150 2559 etenim
1192 2515 1401 2558 carnes
1442 2498 1668 2574 populo
1709 2497 1933 2571 vendit,
1977 2514 2224 2574 quoque
2265 2496 2479 2574 pisceS,

619 2594 925 2658 Condolet
966 2594 1109 2653 hinc
1146 2604 1355 2672 gustus
1397 2594 1541 2654 dum
1584 2595 1738 2671 sapit
1781 2594 1924 2654 inde
1965 2594 2162 2670 prius:

626 2693 809 2752 Fraus
851 2692 991 2752 facit
1032 2691 1114 2752 ob
1157 2710 1343 2768 panes
1383 2691 1635 2769 pistores
1677 2693 1969 2752 scandere
2007 2691 2210 2765 elatas,

624 2792 815 2851 Furca
855 2800 1057 2850 tamen
1100 2791 1241 2850 furis
1284 2790 1491 2852 iustior
1530 2800 1687 2851 esset
1723 2790 1848 2852 eis:
2571 2797 2670 2847 810
2769 2851 2772 2856 ,

626 2888 895 2950 Ceruisie
936 2888 1183 2948 domina
1224 2888 1411 2948 Fraus
1450 2898 1557 2961 est,
1600 2898 1858 2949 testante
1900 2888 2126 2966 lagena,

626 2987 767 3063 Qua
805 2987 901 3045 vix
942 3004 1047 3062 per
1084 2986 1313 3046 seriem.
1340 2986 1453 3046 scit
1494 2987 1750 3046 Thethis
1793 3003 1924 3046 esse
1967 2987 2222 3048 Cerem:

628 3085 811 3143 Fraus
852 3101 1036 3142 cocus
1078 3093 1138 3142 et
1180 3095 1354 3143 cocta
1394 3084 1707 3159 componit
1749 3094 1810 3143 et
1851 3083 2090 3143 ordinat
2125 3101 2276 3156 assa,

628 3183 825 3258 Inque
865 3179 1034 3240 cibos
1075 3181 1291 3240 horum
1331 3191 1629 3241 conuocat
1670 3181 1801 3257 ipsa
1841 3181 2076 3242 forum:

626 3280 709 3339 Vt
751 3277 889 3339 furit
930 3276 1163 3355 absque
1204 3278 1392 3338 modo
1432 3278 1658 3338 clamor
1698 3287 2044 3338 constanter
2083 3276 2304 3350 abisso,

628 3376 727 3436 Sic
770 3377 954 3436 Fraus
995 3394 1129 3435 assa
1171 3373 1285 3434 sibi
1328 3374 1546 3434 clamat
1588 3374 1649 3434 in
1690 3393 1834 3435 aure
1875 3374 2006 3436 sori.

634 3477 884 3553 Hospes
926 3474 987 3533 in
1030 3472 1315 3550 hospiciis
1357 3474 1543 3534 Fraus
1581 3474 1808 3550 gaudet
1848 3474 1928 3535 de
1967 3473 2308 3552 peregriniS,

630 3573 736 3632 Set
777 3571 1123 3650 peregrinus
1164 3589 1297 3632 eam
1339 3571 1566 3649 plangit
1607 3570 1828 3633 habere
1870 3572 2128 3632 malam:
2217 3619 2238 3645 ,

630 3669 916 3746 Sincopat
957 3669 1019 3727 in
1063 3669 1287 3744 modio,
1332 3669 1629 3729 decaudat
1670 3671 1830 3730 fraus
1869 3669 2205 3730 minuendo

631 3767 797 3826 Fena
837 3785 943 3843 per
982 3785 1310 3843 apocapen,
1356 3767 1519 3828 lucra
1557 3767 1820 3828 colendo
1861 3778 2082 3827 tamen.
2572 3775 2673 3825 820

713 3865 879 3923 Dum
921 3874 1088 3923 curat
1128 3865 1395 3939 minima,
1438 3866 1626 3926 Fraus
1666 3866 1866 3942 pullos
1905 3865 2112 3925 vendit
2154 3874 2214 3924 et
2255 3881 2391 3937 oua,

632 3962 742 4022 Est
784 3961 969 4020 nichil
1008 3961 1193 4039 inque
1234 3963 1380 4036 foro,
1426 3963 1571 4040 quin
1612 3965 1762 4041 regit
1804 3963 1931 4040 ipsa
1971 3962 2151 4024 dolo:

634 4062 819 4120 Fraus
860 4069 1206 4136 procurator
1246 4061 1585 4120 communis
1626 4061 1691 4120 in
1732 4060 1878 4121 vrbe
1918 4069 2192 4135 notatur;

636 4158 802 4216 Dum
842 4175 1054 4216 causas
1094 4156 1301 4235 iungit,
1346 4174 1581 4234 semper
1622 4157 1685 4218 id
1726 4177 1846 4217 vna
1885 4157 2013 4219 luit.

540 4312 639 4377 789
660 4312 759 4362 ista
782 4311 871 4362 SG
938 4312 1051 4376 ipsa
1072 4311 1273 4362 CEHD
1339 4312 1451 4375 ipse
1478 4311 1520 4361 L
1638 4327 1736 4376 799
1759 4311 1916 4363 Stans
1939 4313 1982 4362 C
2089 4313 2188 4377 805
2212 4313 2370 4364 eciam
2394 4309 2684 4362 CEHDLT

474 4391 665 4441 etenim
690 4389 729 4440 S
918 4390 1097 4456 sellas]
1126 4391 1285 4442 cellas
1316 4391 1453 4441 CEL
1640 4392 1743 4441 810
1777 4391 1930 4442 ffurta
1957 4391 2145 4442 EDLT
2330 4393 2432 4441 812
2461 4389 2682 4440 Thethis

479 4468 727 4536 (thetflis)
751 4467 1040 4521 SCEHGT
1106 4469 1294 4521 Thetis
1318 4469 1366 4520 D
1431 4471 1591 4522 tethis
1613 4470 1657 4521 L
