3434 5142
1507 470 1707 538 VOX
1764 470 2312 538 CLAMANTIS

988 633 1245 711 Palpitat
1284 641 1346 695 et
1388 630 1637 693 moritur
1676 632 1782 710 qui
1824 631 1979 693 solet
2017 648 2154 692 esse
2191 640 2390 709 caput.

990 733 1160 792 Mors
1200 732 1424 793 etenim
1466 731 1649 791 sacris
1686 730 1815 804 fuit,
1859 730 2015 791 heu!
2073 730 2348 791 furiosior
2385 730 2520 804 ariS,

989 832 1071 891 Et
1111 831 1307 891 minor
1344 846 1383 890 a
1422 828 1660 907 pecude
1698 828 1949 905 presulis
1989 838 2149 890 extat
2190 830 2403 891 honor.

988 928 1243 990 Venturi
1282 944 1581 988 memores
1620 934 1832 1000 estote,
1875 944 1998 1003 que
2035 927 2322 1004 temporis
2361 928 2540 989 huius

988 1028 1181 1091 Casus
1221 1026 1525 1089 inauditus
1564 1026 1816 1085 instruat
1856 1042 2040 1086 omne
2079 1026 2313 1089 solum:

992 1125 1287 1202 Exemplo
1324 1133 1579 1185 caueant
1618 1123 1736 1200 qui.
1763 1122 2088 1199 spiritualia
2126 1133 2385 1197 seruant,

992 1226 1089 1285 Ne
1128 1223 1306 1283 simul
1345 1222 1609 1283 officium
1650 1220 1756 1282 det
1795 1219 1914 1281 sibi
1951 1230 2105 1282 terra
2147 1238 2341 1282 suum.

990 1322 1131 1397 Que
1172 1320 1511 1383 Cassandra
1550 1319 1702 1379 solet
1742 1318 2048 1396 predicere
2087 1336 2256 1380 more
2295 1320 2604 1398 prophete,

992 1419 1300 1481 Eueniunt
1339 1416 1469 1479 vrbi
1512 1417 1780 1494 pondere
1819 1416 1996 1477 valde
2033 1419 2216 1494 graui.
2905 1439 3036 1492 1150

992 1520 1133 1579 Hec
1172 1534 1387 1578 manus
1427 1518 1585 1577 alma
1624 1516 1723 1576 dei
1767 1516 1926 1575 mala
1965 1517 2372 1593 permittendo
2411 1514 2663 1589 sinebat,

992 1617 1132 1693 Que
1174 1626 1373 1677 tamen
1415 1614 1560 1676 inde
1598 1614 1708 1673 fuit
1749 1631 1930 1674 causa
1971 1613 2082 1675 scit
2121 1614 2252 1693 ipse
2293 1614 2461 1675 deus·

992 1714 1245 1775 Insolita
1284 1714 1485 1775 cuncti
1527 1713 1627 1773 tali
1670 1712 1752 1773 de
1791 1722 1986 1773 morte
2027 1712 2366 1790 stupebant,

991 1812 1215 1874 Saltem
1256 1830 1411 1890 quos
1451 1812 1611 1872 racio
1653 1812 1885 1889 stringit
1925 1828 2132 1873 amore
2171 1812 2287 1873 dei.

994 1912 1137 1971 Non
1179 1910 1427 1971 Heleno
1466 1911 1660 1987 potuit
1701 1910 1975 1970 Priamus
2014 1928 2369 1983 succurrere,
2417 1911 2602 1989 Regis

993 2010 1237 2086 Imperii
1279 2019 1367 2070 set
1410 2026 1487 2069 eo
1529 2016 1803 2085 tempore
1844 2008 1970 2068 iura
2013 2009 2227 2084 silent3

993 2109 1127 2168 Rex
1168 2116 1371 2169 tamen
1412 2118 1476 2167 vt
1517 2106 1693 2168 sciuit
1735 2107 1902 2184 quod
1943 2108 2031 2167 sic
2069 2107 2181 2167 fuit
2221 2106 2434 2168 ordine
2472 2124 2688 2179 rerum,

996 2205 1228 2284 Plangit
1268 2216 1329 2267 et
1370 2206 1513 2265 binc
1554 2206 1750 2267 doluit
1789 2206 1988 2266 cordis
2027 2222 2232 2267 amore
2271 2204 2403 2266 sui:

996 2305 1128 2364 Rex
1168 2304 1359 2365 doluit
1399 2303 1644 2378 facturn,
1689 2322 1803 2363 nec
1845 2304 2028 2365 habet
2068 2321 2193 2380 quo
2233 2302 2502 2381 frangere
2539 2302 2749 2375 satum,

995 2402 1135 2462 Iura
1176 2420 1291 2463 nec
1330 2402 1583 2464 ecclesie
1622 2402 1830 2463 debita
1870 2402 2020 2463 ferre
2059 2419 2238 2462 sacre.
2913 2410 3041 2463 1160

992 2501 1156 2561 Ante
1196 2518 1391 2561 sacras
1430 2500 1555 2562 vidi
1596 2500 1860 2578 proiecta
1899 2500 2194 2561 cadauera
2233 2510 2456 2577 postes,

994 2598 1127 2660 Nec
1168 2600 1337 2660 locus
1378 2609 1470 2660 est
1512 2600 1573 2659 in
1614 2617 1742 2677 quo
1781 2598 2002 2660 desinit
2044 2616 2178 2659 esse
2218 2596 2467 2675 nephas.

900 2782 1019 2837 Hic
1054 2783 1299 2839 tractat
1336 2783 1607 2839 vlteriuz
1642 2782 1983 2839 seeundum
2022 2782 2336 2838 visionem
2371 2782 2644 2849 sompnii
2678 2781 2756 2837 de
2790 2782 3046 2839 diuersa

830 2872 1273 2939 persecuclone
1310 2874 1377 2927 et
1406 2872 1746 2935 occisione,
1779 2886 1944 2940 quaa
1973 2871 2042 2925 in
2075 2870 2246 2925 dicta
2279 2870 2546 2927 ciuitate
2575 2870 3040 2939 quodammodo

830 2961 1069 3027 absque
1124 2960 1259 3014 vlla
1311 2964 1581 3029 protunc
1635 2960 2000 3017 defensione
2057 2958 2219 3015 fur-ie
2278 2958 2658 3029 supradicte,
2707 2958 3042 3027 prodolor!

792 3092 797 3097 .
832 3048 1171 3110 faciebant,
1186 3050 1253 3104 et
1277 3048 1547 3117 quanter
1560 3046 1914 3103 huiusmodi
1929 3046 2104 3102 fama.
2116 3047 2370 3101 vicinas
2383 3046 2713 3115 perterruit
2729 3046 3044 3106 ciuitates.

632 3148 829 3225 Capu.
860 3172 951 3213 xv.

1082 3154 1327 3231 Quique
1368 3154 1556 3232 magis
1596 3153 1865 3215 celebres
1906 3153 2140 3214 fuerant
2181 3152 2300 3213 hoc
2341 3162 2612 3229 tempore
2651 3151 2832 3225 ciues,

1000 3251 1166 3312 Sicut
1207 3269 1355 3312 oues
1394 3252 1603 3312 mortis
1645 3248 2020 3329 procubuere
2061 3268 2260 3311 manu.

998 3350 1268 3429 Corpora
1308 3349 1489 3411 missa
1530 3350 1665 3410 neci
1705 3350 1874 3409 nullo
1914 3349 1993 3411 de
2035 3367 2202 3410 more
2242 3349 2524 3422 seruntur,

1000 3449 1203 3509 Immo
1244 3449 1441 3509 iacent
1481 3448 1697 3525 patulis
1739 3447 2007 3525 vndique
2048 3464 2250 3525 spersa
2291 3447 2436 3509 viis:

1002 3548 1079 3607 Et
1120 3547 1290 3625 quod
1330 3547 1493 3607 nulla
1533 3546 1687 3620 viris»,
1732 3545 1944 3620 rabies
1987 3554 2382 3605 monumenta
2422 3557 2748 3619 manerent,

1000 3646 1245 3706 Mortua
1286 3644 1663 3705 membratim
1706 3661 1958 3720 corpora
1997 3644 2182 3705 scissa
2222 3644 2391 3705 terit:

997 3744 1268 3820 Corpora
1306 3761 1583 3804 cesorum
1623 3742 1809 3803 muris
1850 3759 2138 3818 suspensa
2179 3753 2493 3819 reponunt,

998 3843 1303 3919 Brutaque
1346 3840 1654 3902 brutorum
1696 3857 1864 3901 more
1904 3841 2138 3917 sepulta
2179 3852 2415 3917 negant.
2913 3863 3044 3918 1170

1000 3940 1265 4000 Horrida
1306 3940 1478 4017 plaga
1520 3938 1629 3999 fuit
1670 3939 1820 3999 dum
1861 3939 2152 4015 sanguine
2195 3948 2348 3999 terra
2392 3939 2697 4013 madescit,

1000 4037 1163 4097 Fons
1202 4036 1567 4115 vbicumque
1608 4046 1815 4109 tumet,
1861 4036 2258 4114 sanguinitate
2299 4034 2509 4099 rubet=

1000 4132 1172 4191 Mors
1212 4131 1349 4190 furit
1391 4132 1453 4190 in
1495 4130 1740 4203 foribuS‚
1785 4148 1946 4191 mors
1985 4130 2183 4207 pulsat
2219 4130 2302 4190 ad
2343 4130 2496 4191 ostia
2537 4130 2696 4203 iuris»,

998 4228 1223 4289 Viuere
1262 4228 1390 4288 siue
1433 4229 1583 4289 mori
1622 4228 1877 4288 rusticus
1920 4228 2047 4305 ipse
2087 4226 2272 4289 iubet.

1166 4358 1295 4407 1¹59
1325 4342 1589 4405 frangeret
1609 4350 1779 4393 actum
1804 4342 1853 4391 D
2055 4342 2184 4391 1160
2214 4341 2421 4391 subdita
2445 4342 2489 4391 C

1161 4422 1290 4485 Cap.
1315 4437 1401 4472 xv.
1424 4418 1666 4486 Headt'ng
1684 4436 1720 4485 3
1751 4436 1847 4485 pro
1870 4428 1994 4469 tunc
2017 4418 2162 4469 CED
2381 4435 2413 4482 4
2447 4418 2602 4471 huius
2625 4417 2722 4469 ΕΙ)

1167 4515 1298 4564 1170
1326 4500 1561 4563 sepulcra
1585 4500 1634 4549 D
1836 4514 1964 4561 1173
1995 4498 2167 4550 hostia
2187 4496 2278 4549 (ΞΕ
