<?xml version="1.0" encoding="UTF-8"?>
<!DOCTYPE html PUBLIC "-//W3C//DTD XHTML 1.0 Transitional//EN"
    "http://www.w3.org/TR/xhtml1/DTD/xhtml1-transitional.dtd">
<html xmlns="http://www.w3.org/1999/xhtml" xml:lang="en" lang="en">
 <head>
  <title>
</title>
<meta http-equiv="Content-Type" content="text/html;charset=utf-8" />
  <meta name='ocr-system' content='tesseract 3.04.00' />
  <meta name='ocr-capabilities' content='ocr_page ocr_carea ocr_par ocr_line ocrx_word'/>
</head>
<body>
  <div class='ocr_page' id='page_1' title='image "./completeworksjo01macagoog_0233.png"; bbox 0 0 3434 5142; ppageno 0'>
   <div class='ocr_carea' id='block_1_1' title="bbox 1065 435 2633 524">
    <p class='ocr_par' dir='ltr' id='par_1_1' title="bbox 1065 435 2633 524">
     <span class='ocr_line' id='line_1_1' title="bbox 1065 435 2633 524; baseline 0.004 -26"><span class='ocrx_word' id='word_1_1' title='bbox 1065 436 1078 448; x_wconf 89' lang='grc'><em>“</em></span> <span class='ocrx_word' id='word_1_2' title='bbox 1153 435 1439 501; x_wconf 87' lang='lat' dir='ltr'>LIBER</span> <span class='ocrx_word' id='word_1_3' title='bbox 1496 436 1909 503; x_wconf 88' lang='lat' dir='ltr'>TERCIUS</span> <span class='ocrx_word' id='word_1_4' title='bbox 2514 462 2633 524; x_wconf 85' lang='lat'><strong>143</strong></span> 
     </span>
    </p>
   </div>
   <div class='ocr_carea' id='block_1_2' title="bbox 538 593 2636 4491">
    <p class='ocr_par' dir='ltr' id='par_1_2' title="bbox 594 593 1941 675">
     <span class='ocr_line' id='line_1_2' title="bbox 594 593 1941 675; baseline 0.002 -19"><span class='ocrx_word' id='word_1_5' title='bbox 594 595 827 657; x_wconf 88' lang='lat' dir='ltr'><strong>Nolunt</strong></span> <span class='ocrx_word' id='word_1_6' title='bbox 866 593 1214 675; x_wconf 89' lang='lat' dir='ltr'><strong>impositum</strong></span> <span class='ocrx_word' id='word_1_7' title='bbox 1254 595 1341 657; x_wconf 90' lang='lat' dir='ltr'><strong>sic</strong></span> <span class='ocrx_word' id='word_1_8' title='bbox 1380 594 1632 659; x_wconf 90' lang='lat' dir='ltr'><strong>retinere</strong></span> <span class='ocrx_word' id='word_1_9' title='bbox 1673 600 1941 659; x_wconf 88' lang='lat' dir='ltr'><strong>modurn.</strong></span> 
     </span>
    </p>

    <p class='ocr_par' dir='ltr' id='par_1_3' title="bbox 591 694 2162 773">
     <span class='ocr_line' id='line_1_3' title="bbox 591 694 2162 773; baseline 0.004 -21"><span class='ocrx_word' id='word_1_10' title='bbox 591 694 652 753; x_wconf 89' lang='lat' dir='ltr'>N</span> <span class='ocrx_word' id='word_1_11' title='bbox 655 712 736 753; x_wconf 91' lang='lat' dir='ltr'><strong>on</strong></span> <span class='ocrx_word' id='word_1_12' title='bbox 775 704 1010 754; x_wconf 88' lang='lat' dir='ltr'><strong>tantum</strong></span> <span class='ocrx_word' id='word_1_13' title='bbox 1050 704 1242 755; x_wconf 87' lang='lat' dir='ltr'><strong>vestes</strong></span> <span class='ocrx_word' id='word_1_14' title='bbox 1281 694 1588 773; x_wconf 86' lang='lat' dir='ltr'><strong>geminant</strong></span> <span class='ocrx_word' id='word_1_15' title='bbox 1627 708 1720 757; x_wconf 88' lang='lat' dir='ltr'><strong>set</strong></span> <span class='ocrx_word' id='word_1_16' title='bbox 1758 695 2162 772; x_wconf 52' lang='lat' dir='ltr'><strong>condiciones</strong></span> 
     </span>
    </p>

    <p class='ocr_par' dir='ltr' id='par_1_4' title="bbox 594 791 1967 871">
     <span class='ocr_line' id='line_1_4' title="bbox 594 791 1967 871; baseline 0.002 -20"><span class='ocrx_word' id='word_1_17' title='bbox 594 792 761 867; x_wconf 84' lang='lat' dir='ltr'><strong>Quas</strong></span> <span class='ocrx_word' id='word_1_18' title='bbox 802 791 990 870; x_wconf 88' lang='lat' dir='ltr'><strong>magis</strong></span> <span class='ocrx_word' id='word_1_19' title='bbox 1031 803 1289 853; x_wconf 86' lang='lat' dir='ltr'><strong>errantes</strong></span> <span class='ocrx_word' id='word_1_20' title='bbox 1329 794 1530 871; x_wconf 82' lang='lat' dir='ltr'><strong>regula</strong></span> <span class='ocrx_word' id='word_1_21' title='bbox 1569 795 1735 854; x_wconf 89' lang='lat' dir='ltr'><strong>nulla</strong></span> <span class='ocrx_word' id='word_1_22' title='bbox 1774 792 1927 871; x_wconf 89' lang='lat' dir='ltr'><strong>sapit</strong></span> <span class='ocrx_word' id='word_1_23' title='bbox 1954 816 1967 854; x_wconf 92' lang='lat'><strong>:</strong></span> 
     </span>
    </p>

    <p class='ocr_par' dir='ltr' id='par_1_5' title="bbox 595 888 2121 969">
     <span class='ocr_line' id='line_1_5' title="bbox 595 888 2121 969; baseline 0.003 -22"><span class='ocrx_word' id='word_1_24' title='bbox 595 889 690 948; x_wconf 91' lang='lat' dir='ltr'><strong>En</strong></span> <span class='ocrx_word' id='word_1_25' title='bbox 730 888 893 949; x_wconf 89' lang='lat' dir='ltr'><strong>venit</strong></span> <span class='ocrx_word' id='word_1_26' title='bbox 933 888 1194 951; x_wconf 88' lang='lat' dir='ltr'><strong>incastos</strong></span> <span class='ocrx_word' id='word_1_27' title='bbox 1231 908 1444 951; x_wconf 87' lang='lat' dir='ltr'><strong>aurum</strong></span> <span class='ocrx_word' id='word_1_28' title='bbox 1484 889 1826 969; x_wconf 87' lang='lat' dir='ltr'><strong>precingere</strong></span> <span class='ocrx_word' id='word_1_29' title='bbox 1866 891 2121 965; x_wconf 65' lang='lat' dir='ltr'><strong>lumhm,</strong></span> 
     </span>
    </p>

    <p class='ocr_par' dir='ltr' id='par_1_6' title="bbox 594 986 1927 1066">
     <span class='ocr_line' id='line_1_6' title="bbox 594 986 1927 1066; baseline 0.002 -20"><span class='ocrx_word' id='word_1_30' title='bbox 594 986 859 1047; x_wconf 88' lang='lat' dir='ltr'><strong>Denotet</strong></span> <span class='ocrx_word' id='word_1_31' title='bbox 899 998 962 1047; x_wconf 89' lang='lat' dir='ltr'><strong>vt</strong></span> <span class='ocrx_word' id='word_1_32' title='bbox 1002 1006 1188 1047; x_wconf 85' lang='lat' dir='ltr'><strong>vanos</strong></span> <span class='ocrx_word' id='word_1_33' title='bbox 1229 999 1506 1066; x_wconf 89' lang='lat' dir='ltr'><strong>comptus</strong></span> <span class='ocrx_word' id='word_1_34' title='bbox 1545 987 1741 1049; x_wconf 84' lang='lat' dir='ltr'><strong>inanis</strong></span> <span class='ocrx_word' id='word_1_35' title='bbox 1783 1007 1927 1064; x_wconf 82' lang='lat' dir='ltr'><strong>eos3</strong></span> 
     </span>
    </p>

    <p class='ocr_par' dir='ltr' id='par_1_7' title="bbox 594 1081 1949 1163">
     <span class='ocr_line' id='line_1_7' title="bbox 594 1081 1949 1163; baseline 0.004 -21"><span class='ocrx_word' id='word_1_36' title='bbox 594 1081 803 1144; x_wconf 90' lang='lat' dir='ltr'><strong>Militis</strong></span> <span class='ocrx_word' id='word_1_37' title='bbox 845 1084 1052 1163; x_wconf 86' lang='lat' dir='ltr'><strong>effigie,</strong></span> <span class='ocrx_word' id='word_1_38' title='bbox 1096 1084 1211 1145; x_wconf 89' lang='lat' dir='ltr'><strong>nisi</strong></span> <span class='ocrx_word' id='word_1_39' title='bbox 1252 1086 1446 1145; x_wconf 87' lang='lat' dir='ltr'><strong>solum</strong></span> <span class='ocrx_word' id='word_1_40' title='bbox 1488 1086 1682 1147; x_wconf 84' lang='lat' dir='ltr'><strong>calcar</strong></span> <span class='ocrx_word' id='word_1_41' title='bbox 1718 1087 1949 1159; x_wconf 87' lang='lat' dir='ltr'><strong>abesse,</strong></span> 
     </span>
    </p>

    <p class='ocr_par' dir='ltr' id='par_1_8' title="bbox 593 1180 2635 1360">
     <span class='ocr_line' id='line_1_8' title="bbox 593 1180 2635 1261; baseline 0 -19"><span class='ocrx_word' id='word_1_42' title='bbox 593 1180 910 1243; x_wconf 88' lang='lat' dir='ltr'><strong>Cernimus</strong></span> <span class='ocrx_word' id='word_1_43' title='bbox 949 1184 1060 1243; x_wconf 90' lang='lat' dir='ltr'><strong>hos</strong></span> <span class='ocrx_word' id='word_1_44' title='bbox 1101 1181 1339 1261; x_wconf 90' lang='lat' dir='ltr'>pompis</span> <span class='ocrx_word' id='word_1_45' title='bbox 1378 1184 1737 1261; x_wconf 81' lang='lat' dir='ltr'><strong>degenerare</strong></span> <span class='ocrx_word' id='word_1_46' title='bbox 1777 1182 1915 1244; x_wconf 75' lang='lat' dir='ltr'><strong>suis·</strong></span> <span class='ocrx_word' id='word_1_47' title='bbox 2506 1205 2635 1259; x_wconf 76' lang='lat'>1340</span> 
     </span>
     <span class='ocr_line' id='line_1_9' title="bbox 673 1278 2228 1360; baseline 0.001 -19"><span class='ocrx_word' id='word_1_48' title='bbox 673 1278 860 1341; x_wconf 87' lang='lat' dir='ltr'><strong>Cuius</strong></span> <span class='ocrx_word' id='word_1_49' title='bbox 901 1281 1111 1354; x_wconf 90' lang='lat' dir='ltr'><strong>honor,</strong></span> <span class='ocrx_word' id='word_1_50' title='bbox 1155 1280 1231 1342; x_wconf 90' lang='lat' dir='ltr'><strong>sit</strong></span> <span class='ocrx_word' id='word_1_51' title='bbox 1271 1300 1462 1357; x_wconf 85' lang='lat' dir='ltr'><strong>onus3</strong></span> <span class='ocrx_word' id='word_1_52' title='bbox 1515 1280 1620 1359; x_wconf 94' lang='lat' dir='ltr'><strong>qui</strong></span> <span class='ocrx_word' id='word_1_53' title='bbox 1661 1279 1838 1342; x_wconf 90' lang='lat' dir='ltr'><strong>lucris</strong></span> <span class='ocrx_word' id='word_1_54' title='bbox 1880 1278 2228 1360; x_wconf 84' lang='lat' dir='ltr'><strong>participare</strong></span> 
     </span>
    </p>

    <p class='ocr_par' dir='ltr' id='par_1_9' title="bbox 538 1376 1899 1457">
     <span class='ocr_line' id='line_1_10' title="bbox 538 1376 1899 1457; baseline 0.003 -23"><span class='ocrx_word' id='word_1_55' title='bbox 538 1448 542 1453; x_wconf 16' lang='grc' dir='ltr'><em>ι</em></span> <span class='ocrx_word' id='word_1_56' title='bbox 592 1377 754 1452; x_wconf 85' lang='lat' dir='ltr'>Vult,</span> <span class='ocrx_word' id='word_1_57' title='bbox 797 1376 884 1438; x_wconf 90' lang='lat' dir='ltr'><strong>sic</strong></span> <span class='ocrx_word' id='word_1_58' title='bbox 924 1380 1004 1439; x_wconf 92' lang='lat' dir='ltr'><strong>de</strong></span> <span class='ocrx_word' id='word_1_59' title='bbox 1043 1378 1321 1457; x_wconf 84' lang='lat' dir='ltr'><strong>dampnis</strong></span> <span class='ocrx_word' id='word_1_60' title='bbox 1361 1377 1738 1457; x_wconf 84' lang='lat' dir='ltr'><strong>participaret</strong></span> <span class='ocrx_word' id='word_1_61' title='bbox 1778 1377 1899 1439; x_wconf 82' lang='lat' dir='ltr'><strong>eis:</strong></span> 
     </span>
    </p>

    <p class='ocr_par' dir='ltr' id='par_1_10' title="bbox 593 1472 2263 1553">
     <span class='ocr_line' id='line_1_11' title="bbox 593 1472 2263 1553; baseline 0.002 -20"><span class='ocrx_word' id='word_1_62' title='bbox 593 1472 692 1534; x_wconf 91' lang='lat' dir='ltr'><strong>Sic</strong></span> <span class='ocrx_word' id='word_1_63' title='bbox 732 1472 899 1535; x_wconf 87' lang='lat' dir='ltr'><strong>iubet</strong></span> <span class='ocrx_word' id='word_1_64' title='bbox 939 1495 1096 1553; x_wconf 88' lang='lat' dir='ltr'><strong>equa</strong></span> <span class='ocrx_word' id='word_1_65' title='bbox 1134 1476 1302 1549; x_wconf 78' lang='lat' dir='ltr'><strong>fideS,</strong></span> <span class='ocrx_word' id='word_1_66' title='bbox 1345 1474 1432 1537; x_wconf 91' lang='lat' dir='ltr'><strong>sic</strong></span> <span class='ocrx_word' id='word_1_67' title='bbox 1473 1478 1568 1537; x_wconf 87' lang='lat' dir='ltr'><strong>lex</strong></span> <span class='ocrx_word' id='word_1_68' title='bbox 1606 1475 1874 1538; x_wconf 87' lang='lat' dir='ltr'><strong>decreuit</strong></span> <span class='ocrx_word' id='word_1_69' title='bbox 1912 1477 1993 1537; x_wconf 89' lang='lat' dir='ltr'><strong>ad</strong></span> <span class='ocrx_word' id='word_1_70' title='bbox 2034 1495 2263 1550; x_wconf 81' lang='lat' dir='ltr'><strong>omneS,</strong></span> 
     </span>
    </p>

    <p class='ocr_par' dir='ltr' id='par_1_11' title="bbox 593 1572 2020 1653">
     <span class='ocr_line' id='line_1_12' title="bbox 593 1572 2020 1653; baseline 0.003 -22"><span class='ocrx_word' id='word_1_71' title='bbox 593 1572 696 1632; x_wconf 88' lang='lat' dir='ltr'><strong>Set</strong></span> <span class='ocrx_word' id='word_1_72' title='bbox 737 1574 922 1633; x_wconf 88' lang='lat' dir='ltr'><strong>modo</strong></span> <span class='ocrx_word' id='word_1_73' title='bbox 963 1572 1065 1651; x_wconf 90' lang='lat' dir='ltr'><strong>qui</strong></span> <span class='ocrx_word' id='word_1_74' title='bbox 1106 1584 1316 1635; x_wconf 90' lang='lat' dir='ltr'><strong>curant</strong></span> <span class='ocrx_word' id='word_1_75' title='bbox 1355 1574 1486 1653; x_wconf 85' lang='lat' dir='ltr'><strong>ipsa</strong></span> <span class='ocrx_word' id='word_1_76' title='bbox 1524 1584 1745 1635; x_wconf 87' lang='lat' dir='ltr'><strong>statuta</strong></span> <span class='ocrx_word' id='word_1_77' title='bbox 1784 1585 2020 1653; x_wconf 74' lang='lat' dir='ltr'><strong>negant,</strong></span> 
     </span>
    </p>

    <p class='ocr_par' dir='ltr' id='par_1_12' title="bbox 596 1669 2124 1751">
     <span class='ocr_line' id='line_1_13' title="bbox 596 1669 2124 1751; baseline 0.001 -19"><span class='ocrx_word' id='word_1_78' title='bbox 596 1671 782 1732; x_wconf 85' lang='lat' dir='ltr'><strong>Curas</strong></span> <span class='ocrx_word' id='word_1_79' title='bbox 823 1669 1148 1734; x_wconf 89' lang='lat' dir='ltr'><strong>admittunt</strong></span> <span class='ocrx_word' id='word_1_80' title='bbox 1187 1670 1438 1751; x_wconf 88' lang='lat' dir='ltr'><strong>pingues</strong></span> <span class='ocrx_word' id='word_1_81' title='bbox 1479 1683 1539 1734; x_wconf 91' lang='lat' dir='ltr'><strong>et</strong></span> <span class='ocrx_word' id='word_1_82' title='bbox 1579 1670 1825 1751; x_wconf 87' lang='lat' dir='ltr'><strong>pinguia</strong></span> <span class='ocrx_word' id='word_1_83' title='bbox 1862 1682 2124 1745; x_wconf 83' lang='lat' dir='ltr'><strong>sumunt,</strong></span> 
     </span>
    </p>

    <p class='ocr_par' dir='ltr' id='par_1_13' title="bbox 593 1768 1789 1847">
     <span class='ocr_line' id='line_1_14' title="bbox 593 1768 1789 1847; baseline 0.001 -19"><span class='ocrx_word' id='word_1_84' title='bbox 593 1768 696 1828; x_wconf 89' lang='lat' dir='ltr'><strong>Set</strong></span> <span class='ocrx_word' id='word_1_85' title='bbox 735 1769 949 1828; x_wconf 90' lang='lat' dir='ltr'><strong>nolunt</strong></span> <span class='ocrx_word' id='word_1_86' title='bbox 988 1787 1128 1829; x_wconf 86' lang='lat' dir='ltr'><strong>cure</strong></span> <span class='ocrx_word' id='word_1_87' title='bbox 1168 1770 1438 1847; x_wconf 87' lang='lat' dir='ltr'><strong>pondera</strong></span> <span class='ocrx_word' id='word_1_88' title='bbox 1475 1770 1625 1830; x_wconf 86' lang='lat' dir='ltr'><strong>serre</strong></span> <span class='ocrx_word' id='word_1_89' title='bbox 1665 1788 1789 1830; x_wconf 87' lang='lat' dir='ltr'><strong>sue.</strong></span> 
     </span>
    </p>

    <p class='ocr_par' dir='ltr' id='par_1_14' title="bbox 593 1864 1943 1945">
     <span class='ocr_line' id='line_1_15' title="bbox 593 1864 1943 1945; baseline 0.001 -20"><span class='ocrx_word' id='word_1_90' title='bbox 593 1864 656 1925; x_wconf 93' lang='lat' dir='ltr'><strong>Si</strong></span> <span class='ocrx_word' id='word_1_91' title='bbox 695 1864 860 1926; x_wconf 88' lang='lat' dir='ltr'><strong>viciis</strong></span> <span class='ocrx_word' id='word_1_92' title='bbox 900 1865 1158 1927; x_wconf 88' lang='lat' dir='ltr'><strong>residere</strong></span> <span class='ocrx_word' id='word_1_93' title='bbox 1198 1866 1407 1945; x_wconf 88' lang='lat' dir='ltr'><strong>nequit</strong></span> <span class='ocrx_word' id='word_1_94' title='bbox 1447 1877 1684 1927; x_wconf 88' lang='lat' dir='ltr'><strong>curatus</strong></span> <span class='ocrx_word' id='word_1_95' title='bbox 1725 1866 1789 1926; x_wconf 91' lang='lat' dir='ltr'><strong>in</strong></span> <span class='ocrx_word' id='word_1_96' title='bbox 1830 1865 1943 1927; x_wconf 80' lang='lat' dir='ltr'><strong>ista</strong></span> 
     </span>
    </p>

    <p class='ocr_par' dir='ltr' id='par_1_15' title="bbox 593 1961 1975 2042">
     <span class='ocr_line' id='line_1_16' title="bbox 593 1961 1975 2042; baseline 0 -18"><span class='ocrx_word' id='word_1_97' title='bbox 593 1961 768 2037; x_wconf 85' lang='lat' dir='ltr'><strong>Cura,</strong></span> <span class='ocrx_word' id='word_1_98' title='bbox 813 1974 957 2023; x_wconf 89' lang='lat' dir='ltr'><strong>tune</strong></span> <span class='ocrx_word' id='word_1_99' title='bbox 998 1962 1175 2023; x_wconf 88' lang='lat' dir='ltr'><strong>aliam</strong></span> <span class='ocrx_word' id='word_1_100' title='bbox 1217 1962 1411 2042; x_wconf 90' lang='lat' dir='ltr'><strong>querit</strong></span> <span class='ocrx_word' id='word_1_101' title='bbox 1449 1964 1671 2025; x_wconf 88' lang='lat' dir='ltr'><strong>habere</strong></span> <span class='ocrx_word' id='word_1_102' title='bbox 1711 1983 1975 2039; x_wconf 84' lang='lat' dir='ltr'><strong>nouam3</strong></span> 
     </span>
    </p>

    <p class='ocr_par' dir='ltr' id='par_1_16' title="bbox 597 2059 2182 2142">
     <span class='ocr_line' id='line_1_17' title="bbox 597 2059 2182 2142; baseline 0.001 -21"><span class='ocrx_word' id='word_1_103' title='bbox 597 2059 881 2122; x_wconf 90' lang='lat' dir='ltr'><strong>Inficiens</strong></span> <span class='ocrx_word' id='word_1_104' title='bbox 922 2060 1192 2139; x_wconf 87' lang='lat' dir='ltr'><strong>primam,</strong></span> <span class='ocrx_word' id='word_1_105' title='bbox 1236 2074 1374 2141; x_wconf 90' lang='lat' dir='ltr'><strong>post</strong></span> <span class='ocrx_word' id='word_1_106' title='bbox 1414 2061 1627 2142; x_wconf 91' lang='lat' dir='ltr'><strong>polluit</strong></span> <span class='ocrx_word' id='word_1_107' title='bbox 1665 2060 1796 2139; x_wconf 88' lang='lat' dir='ltr'><strong>ipse</strong></span> <span class='ocrx_word' id='word_1_108' title='bbox 1836 2062 2182 2135; x_wconf 85' lang='lat' dir='ltr'><strong>secundam,</strong></span> 
     </span>
    </p>

    <p class='ocr_par' dir='ltr' id='par_1_17' title="bbox 591 2158 2633 2238">
     <span class='ocr_line' id='line_1_18' title="bbox 591 2158 2633 2238; baseline -0 -19"><span class='ocrx_word' id='word_1_109' title='bbox 591 2158 691 2219; x_wconf 89' lang='lat' dir='ltr'><strong>Sic</strong></span> <span class='ocrx_word' id='word_1_110' title='bbox 730 2160 866 2219; x_wconf 84' lang='lat' dir='ltr'><strong>loca</strong></span> <span class='ocrx_word' id='word_1_111' title='bbox 903 2178 1030 2219; x_wconf 90' lang='lat' dir='ltr'><strong>non</strong></span> <span class='ocrx_word' id='word_1_112' title='bbox 1071 2159 1222 2220; x_wconf 89' lang='lat' dir='ltr'><strong>vicia</strong></span> <span class='ocrx_word' id='word_1_113' title='bbox 1261 2172 1454 2222; x_wconf 86' lang='lat' dir='ltr'><strong>mutat</strong></span> <span class='ocrx_word' id='word_1_114' title='bbox 1493 2171 1555 2221; x_wconf 90' lang='lat' dir='ltr'><strong>et</strong></span> <span class='ocrx_word' id='word_1_115' title='bbox 1595 2159 1723 2238; x_wconf 88' lang='lat' dir='ltr'><strong>ipse</strong></span> <span class='ocrx_word' id='word_1_116' title='bbox 1765 2179 1888 2221; x_wconf 85' lang='lat' dir='ltr'><strong>sua.</strong></span> <span class='ocrx_word' id='word_1_117' title='bbox 2083 2179 2089 2186; x_wconf 91' lang='lat'><strong>·</strong></span> <span class='ocrx_word' id='word_1_118' title='bbox 2504 2181 2633 2233; x_wconf 79' lang='lat'><strong>1350</strong></span> 
     </span>
    </p>

    <p class='ocr_par' dir='ltr' id='par_1_18' title="bbox 595 2254 1938 2336">
     <span class='ocr_line' id='line_1_19' title="bbox 595 2254 1938 2336; baseline 0 -19"><span class='ocrx_word' id='word_1_119' title='bbox 595 2254 794 2318; x_wconf 89' lang='lat' dir='ltr'><strong>Litera</strong></span> <span class='ocrx_word' id='word_1_120' title='bbox 832 2255 1140 2335; x_wconf 87' lang='lat' dir='ltr'><strong>dispensat</strong></span> <span class='ocrx_word' id='word_1_121' title='bbox 1179 2269 1386 2319; x_wconf 90' lang='lat' dir='ltr'><strong>curato</strong></span> <span class='ocrx_word' id='word_1_122' title='bbox 1425 2257 1676 2336; x_wconf 87' lang='lat' dir='ltr'><strong>presulis</strong></span> <span class='ocrx_word' id='word_1_123' title='bbox 1717 2267 1938 2336; x_wconf 75' lang='lat' dir='ltr'><strong>empta,</strong></span> 
     </span>
    </p>

    <p class='ocr_par' dir='ltr' id='par_1_19' title="bbox 596 2353 1741 2431">
     <span class='ocr_line' id='line_1_20' title="bbox 596 2353 1741 2431; baseline 0.003 -18"><span class='ocrx_word' id='word_1_124' title='bbox 596 2355 677 2414; x_wconf 91' lang='lat' dir='ltr'><strong>Et</strong></span> <span class='ocrx_word' id='word_1_125' title='bbox 715 2353 804 2414; x_wconf 90' lang='lat' dir='ltr'><strong>sic</strong></span> <span class='ocrx_word' id='word_1_126' title='bbox 843 2354 1030 2415; x_wconf 87' lang='lat' dir='ltr'><strong>curati</strong></span> <span class='ocrx_word' id='word_1_127' title='bbox 1071 2375 1214 2415; x_wconf 89' lang='lat' dir='ltr'><strong>cura</strong></span> <span class='ocrx_word' id='word_1_128' title='bbox 1253 2354 1458 2416; x_wconf 88' lang='lat' dir='ltr'><strong>relicta</strong></span> <span class='ocrx_word' id='word_1_129' title='bbox 1498 2366 1701 2416; x_wconf 86' lang='lat' dir='ltr'><strong>manet</strong></span> <span class='ocrx_word' id='word_1_130' title='bbox 1722 2377 1741 2431; x_wconf 84' lang='lat'>3</span> 
     </span>
    </p>

    <p class='ocr_par' dir='ltr' id='par_1_20' title="bbox 592 2451 2205 2528">
     <span class='ocr_line' id='line_1_21' title="bbox 592 2451 2205 2528; baseline 0.001 -17"><span class='ocrx_word' id='word_1_131' title='bbox 592 2451 992 2512; x_wconf 87' lang='lat' dir='ltr'><strong>Presbiterum</strong></span> <span class='ocrx_word' id='word_1_132' title='bbox 1033 2452 1252 2514; x_wconf 87' lang='lat' dir='ltr'><strong>laicum</strong></span> <span class='ocrx_word' id='word_1_133' title='bbox 1292 2452 1506 2515; x_wconf 88' lang='lat' dir='ltr'><strong>retinet</strong></span> <span class='ocrx_word' id='word_1_134' title='bbox 1547 2452 1663 2514; x_wconf 90' lang='lat' dir='ltr'><strong>sibi</strong></span> <span class='ocrx_word' id='word_1_135' title='bbox 1703 2452 2205 2528; x_wconf 88' lang='lat' dir='ltr'><strong>substituendum,</strong></span> 
     </span>
    </p>

    <p class='ocr_par' dir='ltr' id='par_1_21' title="bbox 592 2547 1865 2628">
     <span class='ocr_line' id='line_1_22' title="bbox 592 2547 1865 2628; baseline -0.002 -17"><span class='ocrx_word' id='word_1_136' title='bbox 592 2547 774 2611; x_wconf 89' lang='lat' dir='ltr'><strong>Curia</strong></span> <span class='ocrx_word' id='word_1_137' title='bbox 814 2560 1158 2628; x_wconf 85' lang='lat' dir='ltr'><strong>magnatum</strong></span> <span class='ocrx_word' id='word_1_138' title='bbox 1198 2553 1348 2612; x_wconf 88' lang='lat' dir='ltr'><strong>dum</strong></span> <span class='ocrx_word' id='word_1_139' title='bbox 1389 2550 1668 2613; x_wconf 89' lang='lat' dir='ltr'><strong>retinebit</strong></span> <span class='ocrx_word' id='word_1_140' title='bbox 1707 2570 1865 2612; x_wconf 89' lang='lat' dir='ltr'><strong>eum.</strong></span> 
     </span>
    </p>

    <p class='ocr_par' dir='ltr' id='par_1_22' title="bbox 595 2648 2170 2728">
     <span class='ocr_line' id='line_1_23' title="bbox 595 2648 2170 2728; baseline 0.001 -21"><span class='ocrx_word' id='word_1_141' title='bbox 595 2648 704 2707; x_wconf 87' lang='lat' dir='ltr'><strong>Est</strong></span> <span class='ocrx_word' id='word_1_142' title='bbox 742 2658 805 2708; x_wconf 88' lang='lat' dir='ltr'><strong>vt</strong></span> <span class='ocrx_word' id='word_1_143' title='bbox 845 2668 988 2727; x_wconf 85' lang='lat' dir='ltr'><strong>apes</strong></span> <span class='ocrx_word' id='word_1_144' title='bbox 1028 2648 1114 2709; x_wconf 93' lang='lat' dir='ltr'><strong>ibi</strong></span> <span class='ocrx_word' id='word_1_145' title='bbox 1155 2648 1443 2710; x_wconf 88' lang='lat' dir='ltr'><strong>sollicitus</strong></span> <span class='ocrx_word' id='word_1_146' title='bbox 1483 2650 1630 2710; x_wconf 90' lang='lat' dir='ltr'><strong>dum</strong></span> <span class='ocrx_word' id='word_1_147' title='bbox 1672 2648 1855 2728; x_wconf 86' lang='lat' dir='ltr'><strong>spirat</strong></span> <span class='ocrx_word' id='word_1_148' title='bbox 1894 2650 2170 2721; x_wconf 85' lang='lat' dir='ltr'><strong>honores,</strong></span> 
     </span>
    </p>

    <p class='ocr_par' dir='ltr' id='par_1_23' title="bbox 593 2744 2431 2925">
     <span class='ocr_line' id='line_1_24' title="bbox 593 2744 1855 2825; baseline 0 -18"><span class='ocrx_word' id='word_1_149' title='bbox 593 2746 696 2807; x_wconf 88' lang='lat' dir='ltr'><strong>Set</strong></span> <span class='ocrx_word' id='word_1_150' title='bbox 735 2744 900 2824; x_wconf 90' lang='lat' dir='ltr'><strong>piger</strong></span> <span class='ocrx_word' id='word_1_151' title='bbox 941 2746 1003 2806; x_wconf 91' lang='lat' dir='ltr'><strong>in</strong></span> <span class='ocrx_word' id='word_1_152' title='bbox 1043 2766 1186 2807; x_wconf 89' lang='lat' dir='ltr'><strong>cura</strong></span> <span class='ocrx_word' id='word_1_153' title='bbox 1225 2749 1420 2808; x_wconf 76' lang='lat' dir='ltr'><strong>tardat</strong></span> <span class='ocrx_word' id='word_1_154' title='bbox 1458 2748 1692 2825; x_wconf 84' lang='lat' dir='ltr'><strong>agenda</strong></span> <span class='ocrx_word' id='word_1_155' title='bbox 1732 2767 1855 2808; x_wconf 89' lang='lat' dir='ltr'><strong>sua.</strong></span> 
     </span>
     <span class='ocr_line' id='line_1_25' title="bbox 674 2843 2431 2925; baseline 0.003 -22"><span class='ocrx_word' id='word_1_156' title='bbox 674 2843 982 2922; x_wconf 87' lang='lat' dir='ltr'><strong>Quicquid</strong></span> <span class='ocrx_word' id='word_1_157' title='bbox 1022 2845 1206 2907; x_wconf 86' lang='lat' dir='ltr'><strong>habet</strong></span> <span class='ocrx_word' id='word_1_158' title='bbox 1246 2846 1509 2907; x_wconf 89' lang='lat' dir='ltr'><strong>mundus</strong></span> <span class='ocrx_word' id='word_1_159' title='bbox 1549 2845 1775 2920; x_wconf 86' lang='lat' dir='ltr'><strong>fictum,</strong></span> <span class='ocrx_word' id='word_1_160' title='bbox 1818 2856 1965 2907; x_wconf 88' lang='lat' dir='ltr'><strong>tunc</strong></span> <span class='ocrx_word' id='word_1_161' title='bbox 2005 2844 2175 2925; x_wconf 90' lang='lat' dir='ltr'><strong>fingit</strong></span> <span class='ocrx_word' id='word_1_162' title='bbox 2215 2857 2275 2908; x_wconf 90' lang='lat' dir='ltr'><strong>et</strong></span> <span class='ocrx_word' id='word_1_163' title='bbox 2315 2847 2431 2921; x_wconf 87' lang='lat' dir='ltr'><strong>ille,</strong></span> 
     </span>
    </p>

    <p class='ocr_par' dir='ltr' id='par_1_24' title="bbox 594 2941 1956 3021">
     <span class='ocr_line' id='line_1_26' title="bbox 594 2941 1956 3021; baseline 0 -17"><span class='ocrx_word' id='word_1_164' title='bbox 594 2941 776 3004; x_wconf 87' lang='lat' dir='ltr'><strong>Curia</strong></span> <span class='ocrx_word' id='word_1_165' title='bbox 815 2961 938 3020; x_wconf 92' lang='lat' dir='ltr'><strong>quo</strong></span> <span class='ocrx_word' id='word_1_166' title='bbox 979 2941 1227 3021; x_wconf 85' lang='lat' dir='ltr'><strong>dignum</strong></span> <span class='ocrx_word' id='word_1_167' title='bbox 1267 2944 1510 3005; x_wconf 88' lang='lat' dir='ltr'><strong>credere</strong></span> <span class='ocrx_word' id='word_1_168' title='bbox 1550 2942 1739 3021; x_wconf 86' lang='lat' dir='ltr'><strong>possit</strong></span> <span class='ocrx_word' id='word_1_169' title='bbox 1779 2964 1956 3005; x_wconf 89' lang='lat' dir='ltr'><strong>eum:</strong></span> 
     </span>
    </p>

    <p class='ocr_par' dir='ltr' id='par_1_25' title="bbox 561 3038 2369 3119">
     <span class='ocr_line' id='line_1_27' title="bbox 561 3038 2369 3119; baseline 0.003 -22"><span class='ocrx_word' id='word_1_170' title='bbox 561 3040 794 3101; x_wconf 78' lang='lat' dir='ltr'><strong>&#39;Verba</strong></span> <span class='ocrx_word' id='word_1_171' title='bbox 832 3038 1001 3101; x_wconf 89' lang='lat' dir='ltr'><strong>dabit</strong></span> <span class='ocrx_word' id='word_1_172' title='bbox 1040 3040 1280 3115; x_wconf 84' lang='lat' dir='ltr'><strong>blanda,</strong></span> <span class='ocrx_word' id='word_1_173' title='bbox 1322 3051 1414 3101; x_wconf 91' lang='lat' dir='ltr'><strong>set</strong></span> <span class='ocrx_word' id='word_1_174' title='bbox 1453 3059 1569 3102; x_wconf 89' lang='lat' dir='ltr'><strong>nec</strong></span> <span class='ocrx_word' id='word_1_175' title='bbox 1608 3040 1774 3101; x_wconf 81' lang='lat' dir='ltr'><strong>canis</strong></span> <span class='ocrx_word' id='word_1_176' title='bbox 1813 3052 1989 3119; x_wconf 88' lang='lat' dir='ltr'><strong>aptus</strong></span> <span class='ocrx_word' id='word_1_177' title='bbox 2028 3042 2109 3102; x_wconf 89' lang='lat' dir='ltr'><strong>ad</strong></span> <span class='ocrx_word' id='word_1_178' title='bbox 2148 3061 2369 3116; x_wconf 86' lang='lat' dir='ltr'><strong>arcum,</strong></span> 
     </span>
    </p>

    <p class='ocr_par' dir='ltr' id='par_1_26' title="bbox 593 3136 2635 3217">
     <span class='ocr_line' id='line_1_28' title="bbox 593 3136 2635 3217; baseline 0.002 -21"><span class='ocrx_word' id='word_1_179' title='bbox 593 3136 690 3197; x_wconf 90' lang='lat' dir='ltr'><strong>Sic</strong></span> <span class='ocrx_word' id='word_1_180' title='bbox 732 3136 943 3207; x_wconf 84' lang='lat' dir='ltr'><strong>humili</strong></span> <span class='ocrx_word' id='word_1_181' title='bbox 984 3139 1150 3198; x_wconf 89' lang='lat' dir='ltr'><strong>vultu</strong></span> <span class='ocrx_word' id='word_1_182' title='bbox 1192 3136 1377 3198; x_wconf 89' lang='lat' dir='ltr'><strong>flectit</strong></span> <span class='ocrx_word' id='word_1_183' title='bbox 1416 3139 1497 3199; x_wconf 89' lang='lat' dir='ltr'><strong>ad</strong></span> <span class='ocrx_word' id='word_1_184' title='bbox 1537 3158 1676 3215; x_wconf 87' lang='lat' dir='ltr'><strong>yma</strong></span> <span class='ocrx_word' id='word_1_185' title='bbox 1714 3158 1890 3217; x_wconf 89' lang='lat' dir='ltr'><strong>genu.</strong></span> <span class='ocrx_word' id='word_1_186' title='bbox 2506 3148 2635 3213; x_wconf 82' lang='lat'>1360</span> 
     </span>
    </p>

    <p class='ocr_par' dir='ltr' id='par_1_27' title="bbox 591 3230 2597 3315">
     <span class='ocr_line' id='line_1_29' title="bbox 591 3230 2597 3315; baseline 0 -19"><span class='ocrx_word' id='word_1_187' title='bbox 591 3237 760 3296; x_wconf 86' lang='lat' dir='ltr'><strong>Alter</strong></span> <span class='ocrx_word' id='word_1_188' title='bbox 799 3248 863 3296; x_wconf 90' lang='lat' dir='ltr'><strong>vt</strong></span> <span class='ocrx_word' id='word_1_189' title='bbox 904 3235 1003 3313; x_wconf 78' lang='lat' dir='ltr'><strong>ille</strong></span> <span class='ocrx_word' id='word_1_190' title='bbox 1046 3236 1233 3297; x_wconf 84' lang='lat' dir='ltr'><strong>Iacob</strong></span> <span class='ocrx_word' id='word_1_191' title='bbox 1275 3235 1472 3297; x_wconf 87' lang='lat' dir='ltr'><strong>socios</strong></span> <span class='ocrx_word' id='word_1_192' title='bbox 1513 3238 1872 3315; x_wconf 88' lang='lat' dir='ltr'><strong>supplantat,</strong></span> <span class='ocrx_word' id='word_1_193' title='bbox 1918 3246 1979 3297; x_wconf 91' lang='lat' dir='ltr'><strong>et</strong></span> <span class='ocrx_word' id='word_1_194' title='bbox 2021 3253 2203 3297; x_wconf 89' lang='lat' dir='ltr'><strong>omne</strong></span> <span class='ocrx_word' id='word_1_195' title='bbox 2594 3230 2597 3233; x_wconf 38' lang='lat'><strong>⁴</strong></span> 
     </span>
    </p>

    <p class='ocr_par' dir='ltr' id='par_1_28' title="bbox 595 3332 1896 3411">
     <span class='ocr_line' id='line_1_30' title="bbox 595 3332 1896 3411; baseline 0 -18"><span class='ocrx_word' id='word_1_196' title='bbox 595 3333 736 3408; x_wconf 89' lang='lat' dir='ltr'><strong>Quo</strong></span> <span class='ocrx_word' id='word_1_197' title='bbox 777 3332 996 3411; x_wconf 87' lang='lat' dir='ltr'><strong>poterit</strong></span> <span class='ocrx_word' id='word_1_198' title='bbox 1035 3332 1248 3404; x_wconf 87' lang='lat' dir='ltr'><strong>mundi</strong></span> <span class='ocrx_word' id='word_1_199' title='bbox 1290 3334 1455 3395; x_wconf 90' lang='lat' dir='ltr'><strong>lucra</strong></span> <span class='ocrx_word' id='word_1_200' title='bbox 1494 3346 1696 3396; x_wconf 88' lang='lat' dir='ltr'><strong>tenere</strong></span> <span class='ocrx_word' id='word_1_201' title='bbox 1739 3333 1896 3394; x_wconf 85' lang='lat' dir='ltr'><strong>facit.</strong></span> 
     </span>
    </p>

    <p class='ocr_par' dir='ltr' id='par_1_29' title="bbox 592 3429 2383 3510">
     <span class='ocr_line' id='line_1_31' title="bbox 592 3429 2383 3510; baseline 0.002 -20"><span class='ocrx_word' id='word_1_202' title='bbox 592 3430 770 3491; x_wconf 93' lang='lat' dir='ltr'><strong>Absit</strong></span> <span class='ocrx_word' id='word_1_203' title='bbox 809 3451 950 3492; x_wconf 90' lang='lat' dir='ltr'><strong>eum</strong></span> <span class='ocrx_word' id='word_1_204' title='bbox 992 3430 1316 3510; x_wconf 87' lang='lat' dir='ltr'><strong>quicquam</strong></span> <span class='ocrx_word' id='word_1_205' title='bbox 1359 3444 1560 3494; x_wconf 88' lang='lat' dir='ltr'><strong>tamen</strong></span> <span class='ocrx_word' id='word_1_206' title='bbox 1601 3432 1831 3510; x_wconf 86' lang='lat' dir='ltr'><strong>absque</strong></span> <span class='ocrx_word' id='word_1_207' title='bbox 1873 3429 2177 3493; x_wconf 88' lang='lat' dir='ltr'><strong>iuuamine</strong></span> <span class='ocrx_word' id='word_1_208' title='bbox 2217 3430 2383 3493; x_wconf 89' lang='lat' dir='ltr'><strong>docti</strong></span> 
     </span>
    </p>

    <p class='ocr_par' dir='ltr' id='par_1_30' title="bbox 593 3525 1901 3606">
     <span class='ocr_line' id='line_1_32' title="bbox 593 3525 1901 3606; baseline 0 -19"><span class='ocrx_word' id='word_1_209' title='bbox 593 3525 853 3587; x_wconf 88' lang='lat' dir='ltr'><strong>Simonis</strong></span> <span class='ocrx_word' id='word_1_210' title='bbox 893 3526 1172 3606; x_wconf 89' lang='lat' dir='ltr'><strong>incipere,</strong></span> <span class='ocrx_word' id='word_1_211' title='bbox 1218 3526 1323 3606; x_wconf 91' lang='lat' dir='ltr'><strong>qui</strong></span> <span class='ocrx_word' id='word_1_212' title='bbox 1363 3547 1508 3589; x_wconf 89' lang='lat' dir='ltr'><strong>suus</strong></span> <span class='ocrx_word' id='word_1_213' title='bbox 1547 3540 1714 3589; x_wconf 87' lang='lat' dir='ltr'><strong>actor</strong></span> <span class='ocrx_word' id='word_1_214' title='bbox 1755 3526 1901 3590; x_wconf 88' lang='lat' dir='ltr'><strong>erit:</strong></span> 
     </span>
    </p>

    <p class='ocr_par' dir='ltr' id='par_1_31' title="bbox 593 3623 1937 3699">
     <span class='ocr_line' id='line_1_33' title="bbox 593 3623 1937 3699; baseline 0 -14"><span class='ocrx_word' id='word_1_215' title='bbox 593 3623 765 3685; x_wconf 89' lang='lat' dir='ltr'><strong>Ostia</strong></span> <span class='ocrx_word' id='word_1_216' title='bbox 805 3624 856 3684; x_wconf 92' lang='lat' dir='ltr'><strong>si</strong></span> <span class='ocrx_word' id='word_1_217' title='bbox 895 3627 1098 3685; x_wconf 87' lang='lat' dir='ltr'><strong>clausa</strong></span> <span class='ocrx_word' id='word_1_218' title='bbox 1137 3624 1370 3699; x_wconf 85' lang='lat' dir='ltr'><strong>fuerint,</strong></span> <span class='ocrx_word' id='word_1_219' title='bbox 1415 3624 1502 3687; x_wconf 91' lang='lat' dir='ltr'><strong>sic</strong></span> <span class='ocrx_word' id='word_1_220' title='bbox 1541 3625 1721 3687; x_wconf 88' lang='lat' dir='ltr'><strong>intrat</strong></span> <span class='ocrx_word' id='word_1_221' title='bbox 1760 3624 1937 3699; x_wconf 91' lang='lat' dir='ltr'><strong>ouile,</strong></span> 
     </span>
    </p>

    <p class='ocr_par' dir='ltr' id='par_1_32' title="bbox 592 3721 1834 3802">
     <span class='ocr_line' id='line_1_34' title="bbox 592 3721 1834 3802; baseline 0.001 -21"><span class='ocrx_word' id='word_1_222' title='bbox 592 3722 686 3781; x_wconf 89' lang='lat' dir='ltr'><strong>Ac</strong></span> <span class='ocrx_word' id='word_1_223' title='bbox 725 3721 970 3783; x_wconf 89' lang='lat' dir='ltr'><strong>aliunde</strong></span> <span class='ocrx_word' id='word_1_224' title='bbox 1009 3742 1186 3783; x_wconf 88' lang='lat' dir='ltr'><strong>suum</strong></span> <span class='ocrx_word' id='word_1_225' title='bbox 1227 3722 1416 3802; x_wconf 89' lang='lat' dir='ltr'><strong>carpit</strong></span> <span class='ocrx_word' id='word_1_226' title='bbox 1454 3744 1669 3785; x_wconf 87' lang='lat' dir='ltr'><strong>auarus</strong></span> <span class='ocrx_word' id='word_1_227' title='bbox 1709 3724 1834 3785; x_wconf 91' lang='lat' dir='ltr'><strong>iter.</strong></span> 
     </span>
    </p>

    <p class='ocr_par' dir='ltr' id='par_1_33' title="bbox 595 3819 2046 3895">
     <span class='ocr_line' id='line_1_35' title="bbox 595 3819 2046 3895; baseline 0.003 -17"><span class='ocrx_word' id='word_1_228' title='bbox 595 3820 690 3879; x_wconf 92' lang='lat' dir='ltr'><strong>De</strong></span> <span class='ocrx_word' id='word_1_229' title='bbox 730 3819 886 3880; x_wconf 85' lang='lat' dir='ltr'><strong>curi-s</strong></span> <span class='ocrx_word' id='word_1_230' title='bbox 925 3820 1126 3882; x_wconf 88' lang='lat' dir='ltr'><strong>anime</strong></span> <span class='ocrx_word' id='word_1_231' title='bbox 1165 3820 1251 3881; x_wconf 91' lang='lat' dir='ltr'><strong>nil</strong></span> <span class='ocrx_word' id='word_1_232' title='bbox 1291 3832 1475 3895; x_wconf 89' lang='lat' dir='ltr'><strong>curat,</strong></span> <span class='ocrx_word' id='word_1_233' title='bbox 1517 3824 1854 3883; x_wconf 90' lang='lat' dir='ltr'><strong>dummodo</strong></span> <span class='ocrx_word' id='word_1_234' title='bbox 1895 3832 2046 3883; x_wconf 89' lang='lat' dir='ltr'><strong>terre</strong></span> 
     </span>
    </p>

    <p class='ocr_par' dir='ltr' id='par_1_34' title="bbox 594 3916 1835 3997">
     <span class='ocr_line' id='line_1_36' title="bbox 594 3916 1835 3997; baseline 0 -18"><span class='ocrx_word' id='word_1_235' title='bbox 594 3916 775 3979; x_wconf 86' lang='lat' dir='ltr'><strong>Curia</strong></span> <span class='ocrx_word' id='word_1_236' title='bbox 814 3918 1106 3997; x_wconf 86' lang='lat' dir='ltr'><strong>magnatis</strong></span> <span class='ocrx_word' id='word_1_237' title='bbox 1149 3918 1225 3979; x_wconf 92' lang='lat' dir='ltr'><strong>sit</strong></span> <span class='ocrx_word' id='word_1_238' title='bbox 1265 3918 1381 3979; x_wconf 88' lang='lat' dir='ltr'><strong>sibi</strong></span> <span class='ocrx_word' id='word_1_239' title='bbox 1421 3922 1585 3980; x_wconf 87' lang='lat' dir='ltr'><strong>culta</strong></span> <span class='ocrx_word' id='word_1_240' title='bbox 1621 3918 1835 3981; x_wconf 85' lang='lat' dir='ltr'><strong>lucris:</strong></span> 
     </span>
    </p>

    <p class='ocr_par' dir='ltr' id='par_1_35' title="bbox 594 4014 2143 4095">
     <span class='ocr_line' id='line_1_37' title="bbox 594 4014 2143 4095; baseline 0.001 -20"><span class='ocrx_word' id='word_1_241' title='bbox 594 4016 732 4075; x_wconf 89' lang='lat' dir='ltr'><strong>Fert</strong></span> <span class='ocrx_word' id='word_1_242' title='bbox 773 4014 889 4076; x_wconf 89' lang='lat' dir='ltr'><strong>sibi</strong></span> <span class='ocrx_word' id='word_1_243' title='bbox 929 4016 1014 4076; x_wconf 88' lang='lat' dir='ltr'><strong>nil</strong></span> <span class='ocrx_word' id='word_1_244' title='bbox 1055 4016 1244 4077; x_wconf 88' lang='lat' dir='ltr'><strong>virtus</strong></span> <span class='ocrx_word' id='word_1_245' title='bbox 1279 4016 1486 4078; x_wconf 87' lang='lat' dir='ltr'><strong>anime</strong></span> <span class='ocrx_word' id='word_1_246' title='bbox 1521 4028 1612 4080; x_wconf 85' lang='lat' dir='ltr'><strong>set</strong></span> <span class='ocrx_word' id='word_1_247' title='bbox 1652 4015 1916 4095; x_wconf 86' lang='lat' dir='ltr'><strong>corporis</strong></span> <span class='ocrx_word' id='word_1_248' title='bbox 1956 4028 2143 4091; x_wconf 88' lang='lat' dir='ltr'><strong>actus,</strong></span> 
     </span>
    </p>

    <p class='ocr_par' dir='ltr' id='par_1_36' title="bbox 595 4114 2636 4194">
     <span class='ocr_line' id='line_1_38' title="bbox 595 4114 2636 4194; baseline 0.001 -20"><span class='ocrx_word' id='word_1_249' title='bbox 595 4114 822 4175; x_wconf 89' lang='lat' dir='ltr'><strong>Munus</strong></span> <span class='ocrx_word' id='word_1_250' title='bbox 863 4133 990 4175; x_wconf 90' lang='lat' dir='ltr'><strong>non</strong></span> <span class='ocrx_word' id='word_1_251' title='bbox 1029 4115 1310 4175; x_wconf 87' lang='lat' dir='ltr'><strong>meritum</strong></span> <span class='ocrx_word' id='word_1_252' title='bbox 1349 4117 1455 4177; x_wconf 87' lang='lat' dir='ltr'><strong>dat</strong></span> <span class='ocrx_word' id='word_1_253' title='bbox 1495 4114 1611 4175; x_wconf 92' lang='lat' dir='ltr'><strong>sibi</strong></span> <span class='ocrx_word' id='word_1_254' title='bbox 1649 4116 1799 4175; x_wconf 86' lang='lat' dir='ltr'><strong>serre</strong></span> <span class='ocrx_word' id='word_1_255' title='bbox 1840 4125 2076 4176; x_wconf 90' lang='lat' dir='ltr'><strong>statum.</strong></span> <span class='ocrx_word' id='word_1_256' title='bbox 2508 4136 2636 4194; x_wconf 80' lang='lat'>1370</span> 
     </span>
    </p>

    <p class='ocr_par' dir='ltr' id='par_1_37' title="bbox 595 4210 2492 4293">
     <span class='ocr_line' id='line_1_39' title="bbox 595 4210 2492 4293; baseline 0.001 -20"><span class='ocrx_word' id='word_1_257' title='bbox 595 4210 720 4289; x_wconf 87' lang='lat' dir='ltr'><strong>Qui</strong></span> <span class='ocrx_word' id='word_1_258' title='bbox 759 4211 946 4274; x_wconf 85' lang='lat' dir='ltr'><strong>nichil</strong></span> <span class='ocrx_word' id='word_1_259' title='bbox 987 4224 1090 4275; x_wconf 92' lang='lat' dir='ltr'><strong>est·</strong></span> <span class='ocrx_word' id='word_1_260' title='bbox 1119 4234 1224 4293; x_wconf 90' lang='lat' dir='ltr'><strong>per</strong></span> <span class='ocrx_word' id='word_1_261' title='bbox 1264 4232 1346 4289; x_wconf 88' lang='lat' dir='ltr'><strong>se,</strong></span> <span class='ocrx_word' id='word_1_262' title='bbox 1390 4232 1508 4276; x_wconf 88' lang='lat' dir='ltr'><strong>nec</strong></span> <span class='ocrx_word' id='word_1_263' title='bbox 1545 4212 1729 4274; x_wconf 89' lang='lat' dir='ltr'><strong>habet</strong></span> <span class='ocrx_word' id='word_1_264' title='bbox 1769 4232 1892 4290; x_wconf 89' lang='lat' dir='ltr'><strong>quo</strong></span> <span class='ocrx_word' id='word_1_265' title='bbox 1932 4215 2141 4275; x_wconf 89' lang='lat' dir='ltr'><strong>tendat</strong></span> <span class='ocrx_word' id='word_1_266' title='bbox 2182 4213 2245 4275; x_wconf 89' lang='lat' dir='ltr'><strong>in</strong></span> <span class='ocrx_word' id='word_1_267' title='bbox 2286 4216 2492 4290; x_wconf 88' lang='lat' dir='ltr'><strong>altum,</strong></span> 
     </span>
    </p>

    <p class='ocr_par' dir='ltr' id='par_1_38' title="bbox 595 4310 1769 4390">
     <span class='ocr_line' id='line_1_40' title="bbox 595 4310 1769 4390; baseline 0.002 -21"><span class='ocrx_word' id='word_1_268' title='bbox 595 4310 856 4389; x_wconf 84' lang='lat' dir='ltr'><strong>Expedit</strong></span> <span class='ocrx_word' id='word_1_269' title='bbox 896 4310 1137 4374; x_wconf 84' lang='lat' dir='ltr'><strong>alterius</strong></span> <span class='ocrx_word' id='word_1_270' title='bbox 1177 4324 1241 4375; x_wconf 89' lang='lat' dir='ltr'><strong>vt</strong></span> <span class='ocrx_word' id='word_1_271' title='bbox 1281 4315 1574 4375; x_wconf 86' lang='lat' dir='ltr'><strong>releuetur</strong></span> <span class='ocrx_word' id='word_1_272' title='bbox 1615 4330 1769 4390; x_wconf 88' lang='lat' dir='ltr'><strong>ope:</strong></span> 
     </span>
    </p>

    <p class='ocr_par' dir='ltr' id='par_1_39' title="bbox 594 4404 2164 4491">
     <span class='ocr_line' id='line_1_41' title="bbox 594 4404 2164 4491; baseline 0.003 -22"><span class='ocrx_word' id='word_1_273' title='bbox 594 4408 705 4469; x_wconf 91' lang='lat' dir='ltr'><strong>Est</strong></span> <span class='ocrx_word' id='word_1_274' title='bbox 745 4418 952 4472; x_wconf 87' lang='lat' dir='ltr'><strong>tamen</strong></span> <span class='ocrx_word' id='word_1_275' title='bbox 991 4404 1337 4485; x_wconf 83' lang='lat' dir='ltr'><strong>absurdum,</strong></span> <span class='ocrx_word' id='word_1_276' title='bbox 1381 4429 1521 4473; x_wconf 87' lang='lat' dir='ltr'><strong>cum</strong></span> <span class='ocrx_word' id='word_1_277' title='bbox 1562 4408 1815 4491; x_wconf 85' lang='lat' dir='ltr'><strong>quilibet</strong></span> <span class='ocrx_word' id='word_1_278' title='bbox 1854 4430 1929 4473; x_wconf 84' lang='lat' dir='ltr'><strong>ex</strong></span> <span class='ocrx_word' id='word_1_279' title='bbox 1965 4410 2164 4473; x_wconf 89' lang='lat' dir='ltr'><strong>alieno</strong></span> 
     </span>
    </p>
   </div>
  </div>
 </body>
</html>
