3434 5142
762 490 846 552 88
1483 491 1682 557 VOX
1741 492 2283 558 CLAMANTIS

926 650 1066 725 Que
1104 650 1254 711 leuis
1293 650 1549 711 assiduis
1591 650 1819 711 solibus
1859 660 1988 711 vsta
2028 651 2195 729 riget.
2879 666 2987 715 no·

927 749 1024 807 Tu
1067 749 1254 809 modo
1293 748 1452 809 clara
1490 749 1636 823 dies,
1681 751 1870 810 modo
1911 768 2032 810 nox
2072 760 2293 811 terrore
2334 752 2592 829 repleta;

927 848 1027 907 Tu
1069 846 1256 907 modo
1297 847 1561 925 pacifica,
1605 866 1736 907 cras
1778 848 1931 924 petis
1971 866 2138 908 arma
2180 859 2324 911 tua:

930 945 991 1004 N
994 963 1112 1004 unc
1152 954 1255 1005 tua
1294 945 1523 1006 deliciis
1565 963 1692 1005 sors
1733 946 1937 1023 fulget,
1980 964 2145 1006 nunc
2184 958 2245 1009 et
2284 948 2501 1008 amaris

931 1042 1138 1115 Pallet,
1179 1052 1242 1103 vt
1283 1043 1507 1103 incerta
1546 1043 1655 1104 des
1697 1041 1861 1104 bona
1901 1044 2133 1121 desque
2174 1045 2364 1105 mala:

930 1142 1115 1201 Parca
1155 1158 1276 1219 que
1316 1141 1474 1219 larga
1515 1158 1700 1201 manu
1741 1150 1807 1201 tu
1848 1142 2083 1219 singula
2122 1144 2353 1221 premia
2392 1143 2646 1215 contem,

931 1241 1024 1298 Ac
1063 1237 1259 1299 aufers
1297 1238 1394 1297 cui
1437 1238 1542 1311 vis,
1585 1238 1673 1298 sic
1713 1247 1820 1299 tua
1858 1240 1979 1299 sata
2018 1239 2189 1317 geriS.

1014 1335 1158 1395 Non
1201 1334 1313 1395 Iris
1354 1344 1444 1395 tot
1484 1335 1757 1395 diuersos
1798 1336 1860 1394 in
1904 1334 2069 1396 nube
2110 1336 2358 1410 colores,

934 1430 1200 1493 Marcius
1239 1443 1342 1494 aut
1383 1434 1542 1493 varia
1581 1442 1855 1510 tempora
1896 1434 2131 1495 Mensis
2175 1433 2375 1509 habet,

935 1530 1102 1605 Quin
1142 1529 1329 1607 magis
1371 1530 1434 1589 in
1475 1530 1639 1591 mille
1677 1540 1875 1608 partes
1916 1540 2019 1591 tua
2062 1542 2335 1609 tempora
2374 1532 2617 1607 scindis,

936 1627 1160 1689 Omnia
1199 1627 1470 1688 dissimili
1511 1629 1698 1689 tincta
1738 1629 1942 1690 colore
1980 1648 2208 1707 gerens.
2887 1651 2979 1701 130

934 1728 1043 1787 Est
1085 1726 1393 1787 meretrice
1435 1735 1574 1786 tuus
1611 1744 1785 1787 amor
1824 1737 1886 1788 et
1926 1727 2193 1789 fallacior
2232 1728 2417 1803 omni,

934 1824 1014 1882 Et
1053 1823 1217 1883 velut
1255 1823 1417 1883 vnda
1457 1818 1636 1882 maris
1678 1823 1767 1883 sic
1806 1825 1974 1885 venis
2013 1836 2200 1903 atque
2242 1826 2437 1886 redis:

934 1920 1135 1979 Nemo
1176 1918 1322 1979 sciet
1361 1937 1496 1980 sero
1537 1937 1658 1998 que
1697 1921 1775 1980 sit
1814 1931 1920 1982 tua
1959 1939 2139 1982 mane
2178 1923 2470 1997 voluntas,

936 2018 1096 2077 Nam
1138 2026 1242 2077 tua
1281 2034 1452 2078 mens
1492 2018 1682 2078 centri
1726 2020 1917 2079 nescit
1958 2018 2179 2081 habere
2220 2021 2462 2094 locum:

932 2114 1136 2175 Omne
1175 2132 1364 2192 genus
1403 2116 1630 2188 lustras,
1675 2132 1792 2176 nec
1831 2116 1895 2175 in
1934 2117 2055 2178 vllo
2097 2117 2267 2176 firma
2306 2114 2623 2189 recumbis,

934 2210 1220 2271 Turbinis
1263 2220 1322 2271 et
1363 2221 1544 2272 vento
1583 2222 1644 2273 te
1684 2212 1833 2273 facis
1874 2230 2007 2274 esse
2046 2230 2271 2291 parem.

937 2308 1080 2369 Non
1121 2317 1226 2368 tua
1264 2319 1621 2386 conceptam
1662 2311 1848 2371 michi
1888 2311 2127 2371 firmant
2168 2312 2377 2373 oscula
2418 2328 2649 2389 pacem,

935 2405 1094 2465 Nam
1137 2414 1242 2467 tua
1279 2406 1569 2483 principia
1610 2407 1747 2467 finis
1788 2408 2009 2469 habere
2050 2418 2263 2485 negat:

935 2502 1046 2561 Est
1085 2502 1216 2563 sine
1255 2502 1455 2564 radice
1495 2512 1598 2563 tua
1635 2503 1921 2581 plantula,
1965 2522 2080 2565 nec
2118 2504 2385 2565 diuturni

935 2600 986 2659 F
987 2599 1126 2659 loris
1167 2596 1351 2661 habet
1391 2601 1648 2675 laudem,
1693 2618 1957 2678 namque
1997 2612 2244 2679 repente
2284 2601 2463 2663 cadit.
2882 2621 2979 2673 140

938 2696 1124 2771 Quod
1165 2696 1280 2757 sibi
1321 2707 1667 2775 permaneat
1705 2707 1811 2757 tua
1851 2698 1936 2757 nil
1976 2698 2279 2774 sapiencia
2320 2698 2569 2772 confert,

936 2792 1040 2854 Set
1080 2804 1221 2856 sunt
1260 2793 1544 2873 ambigua
1581 2796 1815 2873 singula
1857 2796 2021 2856 dona
2059 2805 2201 2857 tua:

938 2890 1051 2953 Est
1090 2902 1194 2953 tua
1228 2894 1587 2971 prosperitas
1626 2893 1894 2955 aduersis
1934 2894 2207 2971 proxima
2246 2894 2541 2973 dampnis»,

941 2988 1022 3048 Et
1062 2999 1181 3065 tua,
1225 2990 1274 3049 si
1316 3007 1437 3069 que
1477 2989 1571 3064 sit,
1612 2989 1803 3068 gloria
1840 2991 1953 3053 rite
1992 2989 2211 3053 breuis.

844 3202 964 3259 Hic
1004 3206 1250 3261 tractu
1289 3204 1560 3262 vlterius
1601 3205 1680 3262 de
1725 3206 2085 3263 mutacione
2130 3204 2389 3262 fortune
2428 3203 2767 3260 secundum
2814 3200 2980 3271 quod

773 3289 1022 3347 dicunt:
1074 3292 1390 3348 concludit
1423 3294 1641 3349 tamen
1675 3293 1747 3348 in
1782 3293 1925 3357 fine,
1973 3290 2143 3362 quod
2188 3306 2393 3361 neque
2434 3293 2609 3347 corte
2651 3291 2765 3345 ant
2806 3303 2981 3353 canu,

773 3381 876 3435 set
899 3394 980 3434 ex
1001 3380 1246 3436 meritis
1268 3381 1376 3436 vel
1398 3380 1723 3437 ‹lema-itis
1745 3382 1916 3445 sunt,
1941 3395 2019 3436 ea
2044 3393 2166 3448 que
2187 3377 2548 3434 hominibus
2573 3378 2967 3445 contingunt.

564 3498 763 3575 Capm.
794 3498 895 3561 iiii.
1021 3502 1401 3562 Frustrantur
1439 3502 1642 3563 cuncti
1683 3510 2002 3579 querentes
2042 3498 2263 3579 gaudia
2302 3498 2531 3572 mundi,

940 3599 1099 3660 Nam
1141 3600 1378 3660 fortuna
1419 3600 1628 3678 nequit
1669 3600 1790 3659 mel
1830 3600 1960 3660 sine
2000 3598 2140 3659 felle
2179 3598 2358 3658 dare:

939 3695 1175 3757 Invidie
1214 3714 1420 3758 comes
1459 3706 1551 3757 est
1590 3696 1804 3756 melior
1842 3695 2097 3769 fortuna,
2142 3712 2256 3755 nec
2296 3708 2581 3770 vmquam

935 3792 1088 3851 Fida
1127 3793 1268 3853 satis
1308 3792 1608 3870 cuiquam,
1653 3790 1896 3853 mobilis
1940 3792 2127 3851 immo
2168 3799 2389 3850 manet.

939 3889 1092 3964 Quis
1133 3892 1314 3953 miser
1351 3890 1588 3969 ignarus
1627 3890 1867 3951 fortune
1908 3889 2133 3950 nesciat
2171 3898 2341 3948 actus
2356 3888 2386 3948 Ρ

939 3988 1126 4063 Quod
1166 3988 1270 4050 dat
1310 3989 1474 4051 idern
1512 3988 1682 4061 tollit,
1728 3988 1935 4048 infima
1976 4004 2215 4047 summa
2253 3985 2414 4046 facit.
2882 4004 2981 4055 ¹50

939 4085 1078 4146 Fert
1117 4095 1180 4146 vt
1221 4088 1364 4147 luna
1401 4106 1571 4148 suam
1611 4087 1851 4147 fortuna
1891 4085 2240 4163 perambula
2278 4100 2529 4161 speram,

938 4184 1249 4245 Decrescit
1283 4184 1501 4259 subito,
1544 4184 1758 4245 crescit
1796 4194 1859 4245 et
1899 4182 1999 4244 illa
2037 4182 2195 4245 cito:

938 4281 1186 4356 Crescit,
1229 4282 1535 4357 decrescit,
1579 4281 1808 4342 stabilis
1850 4300 1965 4343 nec
2006 4282 2069 4341 in
2111 4279 2324 4341 ordine
2364 4276 2534 4350 sistit,

841 4416 934 4463 152
967 4401 1170 4453 Crescit
1209 4400 1682 4469 decrescitscrescit
1730 4401 1780 4452 D
1984 4414 2079 4467 153
2123 4397 2343 4464 Crescit,
2384 4394 2669 4463 decrescit]
2716 4394 2985 4447 Deci-escit

773 4478 945 4530 subito
969 4479 1019 4530 D
