3434 5142
805 348 928 428 360
1328 340 1565 418 Qum
1619 337 2309 417 VNUSQUISQUE
2368 358 2508 402 mc.

950 939 1059 993 nia
1093 937 1539 1006 vnnsquisqne,
1574 938 1763 1005 prout
1797 949 1841 990 a
1876 935 1993 992 deo
2028 937 2297 1006 accepit,
2321 937 2469 993 aliis
2504 937 2821 1009 impartiri
2848 941 3031 995 tene-

812 935 1072 1115 Qtnr,
1095 1025 1422 1080 Iohannes
1459 1025 1691 1079 Gower
1728 1038 1926 1092 super
1960 1023 2087 1078 biis
2123 1038 2244 1091 qne
2281 1023 2435 1080 dens
2476 1025 2603 1081 sibi
2638 1027 3031 1082 sensualiter

808 1113 1074 1169 donauit
1105 1111 1536 1167 villicacionis
1571 1126 1682 1166 sne
1717 1111 2043 1166 racionem
2075 1111 2415 1167 secundum
2452 1113 2689 1181 aliquid
2720 1115 3030 1170 alleniare

807 1201 1086 1270 cupiens,
1100 1203 1234 1256 tres
1249 1201 1541 1273 precipue
1557 1199 1757 1254 libros
1772 1213 1885 1270 per
1903 1198 2129 1269 ipsum,
2145 1199 2291 1256 dum
2306 1200 2493 1266 vixit,
2510 1201 2797 1258 doctrine
2816 1217 3030 1262 cansa

807 1287 1196 1356 compositos
1221 1287 1303 1341 ad
1328 1287 1594 1342 aliorum
1619 1285 1928 1342 noticiam
1952 1287 2019 1342 in
2043 1287 2244 1343 lucem
2268 1287 2507 1344 sedose
2530 1288 2838 1358 produxit.

879 1398 1122 1453 Primus
1145 1397 1304 1453 liber
1323 1399 1567 1454 Gallico
1591 1413 1882 1456 sermone
1908 1397 2116 1454 editus
2138 1397 2210 1452 in
2232 1397 2448 1454 decem
2464 1399 2767 1456 diuiditur
2783 1403 3028 1470 partes,

809 1489 876 1541 et
912 1489 1208 1542 tractans
1245 1485 1321 1541 de
1363 1485 1553 1540 viciis
1586 1488 1652 1541 et
1686 1485 2051 1552 virtutibus,
2086 1501 2337 1542 necnon
2374 1489 2441 1541 et
2473 1489 2553 1542 de
2588 1489 2795 1544 variis
2832 1488 3023 1544 huius

809 1573 1006 1628 seculi
1025 1573 1344 1641 gradibus,
1361 1574 1536 1628 viam
1558 1588 1684 1641 qna
1701 1577 2002 1644 peccator
2018 1575 2465 1640 transgressus
2490 1575 2574 1630 ad
2590 1576 2693 1629 sni
2710 1576 3025 1632 creatoris

812 1661 1210 1730 agnicionem
1228 1660 1429 1717 redire
1451 1661 1652 1725 debet,
1672 1663 1851 1716 recto
1870 1661 2127 1716 tramite
2146 1660 2369 1716 docere
2393 1665 2681 1718 conatur.
2750 1662 3026 1720 Titulus-

727 1753 787 1786 ¹0
813 1763 930 1817 qne
953 1749 1147 1804 libelli
1170 1749 1360 1804 istius
1383 1749 1714 1817 Speculum
1739 1749 2113 1804 meditantis
2135 1753 2535 1819 nuncupatus
2560 1753 2678 1807 est.

882 1860 1207 1916 Secundus
1261 1861 1430 1916 enim
1481 1861 1642 1915 liber
1701 1873 1992 1916 sermone
2046 1858 2277 1916 Latino
2330 1862 2588 1917 metrice
2638 1863 3022 1932 compositus

810 1950 1056 2004 tractat
1093 1947 1168 2004 de
1204 1949 1410 2004 variis
1443 1947 1811 2003 infortuniis
1846 1949 2126 2016 tempore
2160 1947 2331 2016 reg-is
2366 1948 2627 2004 Ricardi
2662 1950 2924 2005 secundi
2955 1951 3023 2004 in

811 2036 1050 2104 Anglia
1077 2035 1626 2104 contingentibnsz
1651 2034 1822 2090 vnde
1846 2048 1979 2088 non
2003 2034 2207 2089 solnm
2232 2035 2416 2103 regni
2441 2051 2738 2106 proceres
2768 2041 2833 2092 et
2863 2051 3026 2092 com·

813 2137 1036 2178 munes
1067 2125 1388 2178 tormenta
1420 2121 1598 2192 passi
1633 2125 1803 2186 sunt,
1830 2124 1932 2177 set
1966 2124 2032 2177 et
2063 2120 2202 2190 ipse
2238 2121 2708 2178 crudelissimos
2731 2138 2863 2190 rex,
2888 2124 3025 2179 suis

815 2225 895 2266 ex
932 2210 1248 2266 demeritis
1283 2210 1368 2264 ab
1403 2210 1538 2264 alto
1575 2223 1897 2275 corruens,
1926 2209 1995 2264 in
2022 2208 2276 2264 foueam
2318 2223 2507 2278 quam
2548 2210 2701 2266 fecit
2746 2210 3025 2266 finaliter

816 2298 1135 2366 proiectus
1194 2300 1310 2354 est.
1396 2297 1763 2365 Nomenque
1818 2295 2165 2352 voluminis
2220 2297 2407 2352 huius
2464 2296 2609 2352 Vox
2670 2297 3025 2354 Clamantis

817 2387 1198 2440 intitulatur.

886 2497 1146 2553 Tercins
1181 2512 1338 2553 vero
1375 2497 1552 2561 liber,
1588 2495 1694 2564 qui
1735 2498 1821 2552 ob
1861 2497 2288 2554 renerenciam
2329 2497 2752 2554 strenuissimi
2790 2498 3025 2554 domini

817 2586 916 2642 sni
939 2586 1177 2641 domini
1200 2584 1458 2640 Henrici
1478 2586 1554 2639 de
1569 2584 1972 2649 Lancastria,
1991 2587 2145 2638 tnnc
2168 2583 2428 2640 Derbeie
2454 2583 2735 2652 Comitis,
2754 2585 3026 2656 Anglico

734 2684 793 2719 20
818 2687 1114 2728 sermone
1139 2672 1486 2734 conficitur.
1509 2672 1853 2728 secundnm
1882 2671 2164 2728 Danielis
2198 2671 2601 2741 propheciam
2634 2686 2821 2742 snper
2839 2674 3028 2728 buius

816 2761 1030 2814 mundi
1070 2774 1408 2829 regnorum
1449 2761 1811 2816 mutacione
1857 2775 1900 2814 a
1942 2763 2226 2831 tempore
2266 2761 2440 2830 regis
2480 2759 3029 2830 Nabngodonosor

817 2863 1019 2916 vsqne
1078 2862 1246 2902 nunc
1304 2850 1595 2918 tempora
1651 2847 2003 2918 distinguit.
2090 2846 2359 2904 Tractat
2417 2849 2621 2904 eciam
2685 2849 3030 2904 secundnm

753 2995 760 3002 ,
817 2935 1217 2992 Aristotilem
1242 2950 1431 3003 snper
1453 2935 1580 2989 hiis
1604 2935 1830 3003 quibus
1853 2951 1967 2991 rex
1991 2935 2360 2991 Alexander
2382 2938 2517 2992 tam
2534 2937 2602 2990 in
2626 2936 2726 2992 sni
2750 2935 3031 3005 regimen

819 3037 1008 3090 quam
1057 3021 1246 3077 aliter
1292 3022 1429 3078 eius
1474 3023 1814 3091 disciplina
1861 3023 2126 3077 edoctus
2170 3021 2304 3079 ruit.
2392 3023 2767 3091 Principalis
2814 3027 3031 3078 tamen

817 3111 1005 3166 huius
1053 3111 1264 3179 operis
1301 3111 1574 3165 materia
1616 3125 1807 3180 snper
1847 3125 2128 3165 amorem
2171 3114 2238 3167 et
2279 3110 2642 3167 infatuatas
2682 3112 3031 3165 Amantnm

819 3199 1154 3268 passiones
1195 3198 1669 3254 fundamentum
1707 3200 1937 3254 habetz
1988 3213 2337 3267 nomenque
2380 3199 2506 3255 sibi
2550 3199 3031 3270 appropriatum

821 3285 1152 3342 Confessio
1188 3286 1488 3342 Amantis
1523 3287 1887 3357 specialiter
1920 3287 2189 3342 sortitus
2224 3290 2345 3343 est.

890 3447 904 3471 ‘
921 3443 1056 3505 Quia
1077 3444 1430 3508 vnusquisque
1445 3441 1460 3465 ’
1481 3446 1577 3494 διο.
1653 3441 1777 3494 Text
1794 3442 1859 3508 os
1868 3443 1923 3506 S,
1948 3441 2157 3494 collated
2172 3441 2288 3494 m‘tk
2310 3441 2520 3494 CHGF.
2588 3443 2681 3494 Su
2700 3443 2811 3494 also
2832 3443 2934 3492 vol.
2956 3445 3027 3495 iii.

822 3521 1218 3663 p⁰g⁷r⁹nngionem
1258 3597 1400 3650 SCH
1485 3599 1763 3663 racionem,
1800 3599 1924 3648 dum
1962 3607 2169 3664 tempus
2207 3599 2379 3662 instat,
2424 3599 2519 3648 GF
2712 3615 2745 3660 4
2768 3597 2820 3648 ff.
2859 3606 3032 3648 tres-—

824 3677 1089 3742 produxit]
1116 3678 1254 3728 inter
1275 3676 1482 3727 labores
1503 3683 1558 3726 ct
1579 3678 1694 3727 ocia
1717 3680 1781 3727 ad
1806 3677 2019 3726 aliorum
2044 3676 2285 3726 noticiam
2312 3683 2421 3726 tres
2443 3676 2600 3725 libros
2622 3677 2856 3727 doctrine
2878 3693 3033 3728 causa

825 3754 986 3804 forma
1020 3755 1357 3820 subsequenti
1395 3761 1670 3820 propterea
1701 3755 1991 3819 composuit
2023 3753 2116 3806 GF
2316 3755 2379 3804 18
2412 3755 2559 3821 vero]
2598 3755 2697 3804 istc
2730 3754 2773 3806 F
