3434 5142
1565 307 1800 374 LAST
1858 306 2174 376 POEMS

933 459 1230 533 Carmina,
1277 461 1424 521 dum
1465 457 1652 538 potui,
1696 459 1999 520 studiosus
2040 457 2296 535 plurima
2336 456 2543 534 scripsi
2558 479 2575 530 ;

931 561 1076 618 Pars
1115 569 1280 619 tenet
1320 559 1434 617 hec
1473 558 1789 629 mundum,
1833 575 1967 633 pars
2008 565 2173 615 tenet
2214 553 2314 616 illa
2353 556 2573 615 deum:

931 658 1104 715 Vana
1145 664 1346 715 tamen
1389 654 1601 714 mundi
1642 655 1873 714 mundo
1914 653 2234 714 scribenda
2272 651 2499 730 reliqui,

931 751 1260 830 Scriboque
1301 751 1545 812 mentali
1585 750 1849 810 carmine
1889 749 2071 810 verba
2112 750 2227 810 dei.

931 849 1226 926 Quamuis
1267 851 1345 909 ad
1387 847 1640 909 exterius
1684 847 1985 909 scribendi
2028 847 2232 907 deficit
2272 851 2459 918 actm,

933 949 1111 1007 Mens
1153 958 1355 1008 tamen
1397 945 1640 1008 interius
1681 945 1886 1008 scribit
1927 956 1987 1008 et
2028 956 2200 1006 ornat
2236 965 2432 1023 opus:

931 1044 1029 1104 Sic
1071 1043 1212 1122 quia
1254 1046 1333 1105 de
1374 1043 1650 1104 manibus
1693 1043 1879 1104 nichil
1919 1044 2143 1103 amodo
2184 1042 2382 1102 scribo
2423 1043 2653 1114 valoris

930 1137 1197 1201 Scribam
1240 1139 1319 1198 de
1359 1136 1634 1214 precibus
1676 1156 1796 1214 que
1837 1135 2045 1213 nequit
2086 1136 2186 1196 illa
2227 1156 2456 1197 manus,

929 1237 1073 1295 Hoc
1115 1255 1243 1313 eg0,
1287 1234 1374 1295 vir
1413 1254 1608 1306 cecuS,
1649 1233 2027 1317 presentibus
2069 1253 2175 1294 oro
2216 1233 2448 1307 diebus»,

929 1333 1218 1409 Prospera
1260 1333 1424 1409 quod
1468 1342 1690 1392 statuas
1734 1351 1916 1409 regna
1955 1333 2168 1405 futura,
2214 1333 2381 1404 dem,

931 1431 1147 1506 Daque
1187 1429 1370 1488 michi
1412 1439 1684 1489 sanctum
1727 1432 1931 1489 lumen
1972 1429 2195 1490 habere
2236 1441 2423 1490 tuum.
2510 1432 2725 1490 Amen.

927 1627 1196 1689 Scribere
1238 1629 1384 1689 dum
1427 1627 1612 1707 potui,
1661 1628 1964 1689 studiosus
2007 1626 2261 1707 plurima
2300 1627 2547 1704 scripsi;

929 1729 1070 1785 Pars
1111 1736 1276 1786 tenet
1317 1728 1429 1786 hec
1473 1727 1785 1799 mundum,
1830 1746 1965 1803 pars
2007 1736 2170 1786 tenet
2213 1725 2311 1785 illa
2352 1727 2570 1786 deum:

925 1823 1098 1882 Vana
1139 1837 1340 1884 tamen
1383 1822 1596 1883 mundi
1637 1825 1869 1884 mundo
1910 1823 2227 1884 scribenda
2268 1823 2493 1901 reliqui,

925 1919 1254 1998 Scriboque
1295 1920 1460 1980 finali
1499 1921 1763 1980 carmine
1803 1922 1960 1981 vado
2002 1920 2169 1980 mori.

925 2017 1156 2078 Scribat
1197 2017 1300 2096 qui
1341 2017 1541 2078 veniet
1580 2029 1720 2095 post
1762 2038 1860 2078 me
1903 2017 2223 2079 discrecior
2260 2019 2423 2091 alter,

923 2117 1233 2176 Ammodo
1273 2135 1536 2193 namque
1577 2135 1790 2176 manus
1832 2127 1891 2175 et
1934 2135 2067 2175 mea
2108 2135 2308 2194 penna
2347 2115 2537 2175 silent.

923 2212 1020 2272 Sic
1063 2212 1204 2290 quia
1245 2212 1329 2271 nil
1370 2211 1646 2275 manibus
1687 2223 1899 2291 potero
1940 2215 2208 2272 conferre
2248 2212 2477 2287 valoriS,

925 2313 1032 2369 Est
1075 2309 1258 2370 michi
1299 2312 1378 2370 de
1419 2309 1694 2388 precibus
1735 2311 1885 2370 ferre
1926 2309 2145 2370 laboris
2187 2329 2355 2370 onus.

926 2409 1232 2484 Deprecor
1271 2427 1410 2486 ergo
1453 2407 1600 2467 meis
1642 2406 1915 2481 lacrimiS,
1962 2406 2169 2468 viuens
2212 2427 2323 2486 ego
2364 2427 2556 2480 cecuS,

925 2506 1216 2582 Prospera
1259 2507 1426 2582 quod
1465 2515 1688 2564 statuas
1732 2525 1911 2582 regna
1952 2507 2163 2579 futura,
2208 2507 2375 2576 deuS,

925 2604 1141 2678 Daque
1183 2600 1365 2661 michi
1407 2615 1679 2661 sanctum
1723 2605 1926 2663 lumen
1968 2603 2190 2663 habere
2230 2616 2417 2666 tuum.
2503 2605 2717 2662 Amen.

925 2802 1088 2859 Dum
1131 2798 1301 2878 potui
1343 2799 1565 2878 scripsi,
1611 2811 1702 2860 set
1744 2821 1905 2861 nunc
1948 2800 2089 2879 quia
2128 2819 2313 2861 curua
2354 2814 2631 2862 senectus

920 2896 1213 2957 Turbauit
1255 2917 1480 2970 sensuS,
1527 2897 1746 2976 scripta
1788 2897 2060 2976 relinquo
2100 2898 2295 2959 scolis,

919 2993 1151 3054 Scribat
1192 2993 1295 3072 qui
1337 2994 1535 3054 veniet
1576 3005 1714 3073 post
1756 3015 1854 3055 me
1896 2995 2215 3057 discrecior
2254 2999 2416 3067 alter,

918 3093 1226 3152 Ammodo
1267 3112 1530 3170 namque
1571 3111 1785 3152 manus
1828 3103 1887 3153 et
1929 3113 2064 3153 mea
2104 3113 2304 3171 penna
2344 3093 2535 3154 silent.

921 3189 1066 3249 Hoc
1106 3199 1306 3249 tamen
1347 3189 1408 3248 in
1451 3191 1572 3249 fine
1609 3189 1927 3250 verborum
1968 3209 2157 3268 queso
2199 3209 2485 3264 meorum,

918 3289 1207 3364 Prospera
1248 3289 1414 3365 quod
1455 3298 1674 3348 statuat
1717 3289 1930 3366 Regna
1968 3289 2165 3348 futura
2205 3290 2371 3349 deus,
2458 3279 2674 3349 Amen.

2834 3121 2899 3156 10

2914 773 2981 808 10

2904 2143 2939 2176 0

2901 3097 2967 3130 ἡ*
