3434 5142
805 475 924 535 106

1509 468 1707 535 VOX
1765 468 2306 535 CLAMANTIS

966 635 1151 710 Ergo
1193 631 1372 693 meis
1413 631 1709 708 scriptis
1752 648 1964 708 super
2002 630 2138 692 hoc
2176 631 2613 709 vbicurnque
2652 624 2979 709 legendis

965 731 1124 792 Sint
1169 728 1354 789 bona
1395 728 1592 789 dicta
1632 726 1861 802 bonis,
1907 740 1976 789 et
2018 729 2201 788 mala
2241 729 2491 807 linquo
2530 729 2755 789 malis.

1049 828 1252 889 Inter
1291 827 1611 903 prelatos
1653 826 1819 887 dum
1862 826 2084 888 Cristi
2128 844 2349 904 quero
2390 844 2763 904 sequaces,

968 926 1244 1002 Regula
1286 925 1484 984 nulla
1523 934 1779 996 manet,
1822 941 1962 1000 que
2002 924 2202 1000 prius
2244 942 2403 985 esse
2444 926 2649 985 solet.
2950 946 3009 983 ιο

967 1023 1248 1085 Cristus
1291 1034 1442 1083 erat
1483 1040 1726 1099 pauper,
1768 1021 1878 1079 illi
1920 1022 2301 1081 cumulantur
2341 1022 2403 1080 in
2444 1040 2628 1095 aur03

969 1121 1093 1179 Hic
1134 1138 1344 1197 pacem
1386 1120 1649 1194 dederat,
1694 1119 1779 1178 hii
1820 1119 2033 1180 modo
2072 1118 2231 1180 bella
2272 1129 2602 1181 mouent:

966 1218 1251 1280 Cristus
1293 1227 1443 1277 erat
1484 1217 1695 1292 largus,
1742 1216 1827 1275 hii
1868 1225 2009 1276 sunt
2048 1217 2210 1277 velut
2250 1218 2430 1277 archa
2472 1228 2713 1277 tenaces
2730 1237 2749 1289 3

968 1316 1157 1374 Hunc
1198 1313 1369 1375 labor
1407 1314 1642 1387 inuasit,
1687 1314 1800 1374 hos
1844 1314 2008 1373 fouet
2049 1324 2224 1375 aucta
2266 1315 2477 1393 quies:

966 1412 1250 1474 Cristus
1291 1420 1442 1472 erat
1483 1410 1664 1486 mitis,
1706 1411 1791 1471 hii
1832 1420 1974 1471 sunt
2015 1421 2251 1472 tamen
2296 1413 2717 1489 impetuosi3

967 1510 1093 1569 Hic
1135 1508 1375 1569 humilis
1417 1507 1615 1579 subiit,
1659 1508 1743 1567 hii
1785 1526 2096 1587 superesse
2136 1510 2382 1570 volunt:

965 1609 1249 1671 Cristus
1291 1617 1445 1668 erat
1486 1607 1849 1680 miserans,
1894 1606 1977 1667 hii
2019 1607 2469 1685 vindictamque
2509 1598 2834 1687 sequntur5

965 1706 1218 1767 Sustulit
1257 1705 1356 1765 hic
1397 1722 1600 1781 penas,
1645 1704 1759 1765 hos
1798 1705 1979 1767 timor
2018 1705 2162 1767 inde
2202 1706 2401 1783 sugat:

965 1923 1216 1983 Francia
1257 1922 1658 1982 scismaticum
1701 1922 1844 1981 colit
1886 1932 1945 1981 et
1988 1923 2194 1982 statuit
2235 1924 2661 1997 venerandum,

964 2020 1181 2098 Anglia
1221 2019 1332 2080 sed
1371 2030 1594 2079 rectam
1639 2028 1837 2080 seruat
1878 2018 2102 2095 vbique
2144 2019 2353 2081 fidem.

964 2102 1138 2195 Ergo*
1167 2118 1316 2178 meis
1359 2116 1591 2194 scriptis
1631 2134 1813 2192 super
1853 2116 1971 2176 hoc
2013 2116 2377 2195 Vbicumque
2416 2116 2685 2195 legendis

965 2216 1098 2277 Sint
1139 2214 1301 2275 bona
1339 2215 1502 2274 dicta
1545 2214 1738 2287 bonis,
1782 2224 1843 2273 et
1886 2214 2043 2273 mala
2084 2214 2292 2291 linquo
2334 2216 2521 2275 malis.
2916 2210 3005 2272 ιο*

1049 2313 1310 2373 Delicias
1353 2311 1564 2372 mundi
1607 2322 1787 2389 negat
1828 2312 2027 2371 omnis
2066 2312 2270 2391 regula
2312 2313 2511 2387 Cristi,

965 2410 1088 2471 Sed
1131 2410 1316 2469 modo
1358 2408 1566 2486 prelati
1610 2409 2055 2485 preuaricantur
2097 2408 2200 2469 ibi.

965 2508 1196 2569 Cristus
1237 2516 1363 2567 erat
1403 2525 1645 2585 pauper,
1691 2508 1775 2566 illi
1819 2498 2196 2567 cumulantur
2238 2508 2299 2567 in
2340 2526 2525 2583 auro,

967 2605 1094 2663 Hic
1135 2605 1377 2664 humilis
1419 2603 1618 2678 subiit,
1663 2603 1747 2664 hii
1790 2622 2100 2681 superesse
2140 2606 2389 2665 volunt:

968 2702 1198 2764 Cristus
1241 2712 1364 2762 erat
1405 2702 1583 2775 mitis,
1629 2702 1742 2761 hos
1784 2720 2007 2779 pompa
2048 2701 2314 2779 superbit
2354 2704 2587 2777 inanis3

973 2801 1101 2860 Hic
1143 2818 1356 2877 pacem
1399 2800 1663 2873 dederat,
1709 2800 1794 2859 hii
1836 2799 2025 2860 modo
2064 2799 2222 2861 bella
2264 2802 2495 2863 ferunt:

969 2899 1199 2961 Cristus
1241 2910 1364 2959 erat
1406 2899 1710 2973 miserans,
1756 2898 1842 2957 hii
1882 2898 2329 2977 vindictamque
2370 2910 2659 2977 sequntur
2676 2920 2693 2974 3

969 2998 1202 3058 Mulcet
1245 3016 1384 3059 eum
1427 2997 1634 3074 pietas,
1679 2998 1793 3057 hos
1832 3008 2041 3057 mouet
2082 2998 2169 3057 ira
2208 2998 2525 3076 frequens:

970 3213 1286 3291 Morigeris
1327 3214 1523 3275 verbis
1567 3216 1754 3275 modo
1796 3223 1935 3275 sunt
1976 3233 2160 3293 quam
2200 3215 2371 3292 plura
2412 3214 2717 3289 docentes,

972 3312 1156 3370 Facta
1197 3320 1401 3372 tamen
1445 3312 1622 3373 dictis
1665 3313 1911 3373 dissona
1950 3330 2133 3373 cerno
2172 3313 2313 3372 suiS.

973 3408 1126 3484 Ipse
1158 3409 1372 3468 Ihesus
1414 3410 1609 3471 facere
1654 3410 1810 3470 bene
1850 3410 2027 3485 cepit,
2073 3419 2330 3487 postque
2371 3408 2605 3484 docere,

974 3506 1078 3566 Set
1120 3506 1307 3566 modo
1348 3508 1588 3583 prelatis
1631 3526 1756 3568 non
1797 3518 1999 3567 manet
2042 3508 2141 3566 ille
2184 3506 2421 3567 modus.
2876 3503 3009 3565 ω’*

975 3602 1087 3663 lue
1125 3604 1237 3663 fuit
1276 3622 1517 3681 pauper,
1563 3604 1659 3664 isti
1702 3602 2082 3664 cumulantur
2120 3604 2181 3663 in
2224 3622 2406 3679 auro;

975 3702 1101 3761 Hic
1141 3718 1351 3777 pacem
1395 3702 1659 3776 dederat,
1705 3702 1791 3761 hii
1833 3720 2077 3779 quoque
2117 3700 2276 3762 bella
2314 3702 2555 3762 ferunt:

976 3798 1087 3858 Ille
1127 3798 1237 3858 fuit
1279 3799 1490 3876 larguS,
1536 3798 1618 3857 hii
1661 3809 1803 3859 sunt
1842 3800 2006 3859 velut
2044 3800 2225 3859 archa
2265 3810 2543 3873 tenaces;

977 3896 1166 3955 Hune
1209 3894 1376 3959 labor
1416 3898 1651 3970 inuasit,
1695 3898 1808 3957 hos
1848 3896 2013 3957 fouet
2052 3908 2229 3957 aucta
2270 3898 2480 3975 quies:

979 3993 1091 4053 Ille
1130 3994 1240 4053 fuit
1280 3995 1458 4069 mitis,
1504 3996 1588 4054 hii
1630 4006 1771 4055 sunt
1814 3996 1999 4072 magis
2042 3996 2179 4072 igne
2218 3994 2481 4056 furentes
2502 4018 2521 4070 3

977 4092 1102 4152 Hic
1143 4091 1385 4151 humilis
1427 4093 1624 4167 subiit,
1670 4093 1754 4152 hii
1796 4111 2107 4171 superesse
2149 4092 2392 4155 volunt:

979 4189 1090 4249 Ille
1131 4190 1405 4251 misertus
1445 4200 1587 4263 erat,
1630 4191 1714 4249 hii
1756 4191 2204 4268 vindictamque
2244 4200 2536 4269 sequntur
2550 4212 2571 4267 ;

975 4285 1224 4347 Sustulit
1265 4286 1364 4345 hic
1406 4305 1608 4363 penas,
1653 4287 1767 4347 hos
1808 4289 1985 4347 timor
2026 4288 2169 4349 inde
2210 4289 2410 4365 fugat:

1569 4444 1660 4494 18*
1694 4444 1840 4511 eum]
1864 4447 1914 4499 ei
1938 4446 1987 4497 D
2052 4446 2197 4497 enim
2224 4446 2265 4497 L
