3434 5142
1164 492 1451 558 LIBER
1508 491 1878 560 SEXTUS

584 653 712 714 Sub
754 668 1031 714 sermone
1070 654 1261 715 latens
1302 655 1402 714 illa
1442 653 1629 732 figura
1670 657 1816 716 fuitz

584 753 783 812 Aurea
824 751 902 812 de
941 750 1100 812 facto
1139 762 1373 830 gestant
1413 762 1615 813 tamen
1658 771 1762 814 ora
1803 763 2080 830 potentes

584 849 905 924 Causidici,
949 850 1053 926 qui
1096 869 1259 910 nunc
1298 869 1477 912 aurea
1516 862 1735 912 cuncta
1771 863 1997 912 vorant.

588 947 865 1008 Pondere
904 945 1108 1008 subtili
1150 949 1381 1026 species
1420 948 1780 1020 venduntur,
1823 959 1887 1010 vt
1927 959 2163 1027 emptor

583 1045 1045 1106 circumventus
1088 1063 1163 1106 eo
1204 1047 1431 1107 nesciat
1472 1046 1616 1107 inde
1655 1047 1893 1122 forum3

583 1143 694 1203 Est
733 1152 937 1203 tamen
974 1161 1117 1204 ecce
1157 1144 1343 1204 modo
1385 1145 1624 1220 pondus
1666 1144 1957 1219 subtilius,
2001 1145 2063 1204 in
2105 1163 2230 1223 quo

579 1240 945 1300 Venduntur
982 1239 1163 1301 verba
1202 1242 1348 1320 legis
1389 1243 1449 1302 in
1492 1251 1617 1302 arte
1656 1261 1783 1302 sua.

582 1338 892 1415 Quicquid
931 1349 1109 1416 agant
1149 1339 1327 1416 legeS,
1371 1340 1633 1400 hominis
1672 1340 1768 1400 lex
1809 1341 2102 1402 interioris

581 1437 793 1498 Gestat
831 1437 911 1498 ab
951 1437 1196 1498 interius
1238 1437 1450 1498 iudicis
1492 1438 1640 1498 illud
1680 1457 1868 1500 onus:
2061 1429 2070 1438 ’

581 1535 804 1597 Omnia
843 1535 947 1596 dat
986 1537 1165 1613 gratis
1206 1536 1503 1611 dominus,
1547 1546 1638 1597 set
1678 1537 1824 1614 legis
1864 1554 2078 1597 auarus

581 1634 933 1695 Sermonem
975 1636 1207 1694 nullum
1248 1634 1353 1696 dat
1394 1635 1508 1694 nisi
1549 1635 1771 1696 vendat
1811 1654 1968 1698 eum.

582 1732 644 1792 Si
686 1730 846 1793 bene
887 1734 1251 1810 promittant,
1296 1732 1550 1793 totidem
1590 1735 1934 1811 promittere
1973 1733 2169 1794 verbis

586 1830 691 1890 Ius
732 1830 901 1906 foret,
946 1843 1007 1891 et
1046 1832 1235 1908 pactis
1277 1841 1451 1908 pacta
1491 1831 1704 1892 referre
1746 1831 1903 1891 suis:

580 1929 691 1987 Hii
732 1938 936 1989 tamen
976 1940 1117 1989 ante
1156 1947 1421 2002 manum,
1465 1928 1756 2005 quicquid
1796 1928 1874 1989 de
1915 1928 2036 1989 fine
2077 1939 2374 2006 sequetur,

583 2026 797 2104 Sepius
839 2028 1117 2087 inmerito
1158 2026 1385 2105 premia
1424 2027 1574 2085 ferre
1615 2036 1848 2102 petunt.

581 2125 681 2184 Sic
720 2125 911 2202 magis
952 2124 1198 2201 obliqua
1238 2125 1377 2184 lanx
1416 2124 1607 2183 nescit
1646 2123 1916 2200 pondera
1958 2123 2116 2198 iuriS,

578 2223 722 2298 Quo
763 2223 879 2282 ruit
920 2223 982 2281 in
1025 2232 1257 2294 tortam,
1302 2238 1422 2299 que
1464 2221 1614 2281 foret
1656 2237 1828 2298 equa,
1871 2222 2067 2297 viam3

579 2320 679 2379 Sic
719 2319 871 2380 solet
912 2320 1197 2380 iniustum
1239 2319 1367 2379 fieri
1407 2317 1522 2378 sub
1562 2319 1810 2378 nomine
1850 2319 2024 2392 iuste,

580 2417 767 2492 Quod
807 2419 959 2479 foret
1001 2427 1061 2478 et
1103 2417 1308 2491 fidum,
1355 2417 1420 2476 fit
1460 2417 1667 2494 magis·
1687 2416 1917 2494 absque
1959 2417 2114 2480 fide:

577 2511 881 2573 Causidici
921 2512 1115 2590 legem
1155 2521 1499 2589 proponunt
1538 2529 1670 2571 esse
1712 2510 1967 2584 beatam,

581 2609 971 2671 Concludunt
1012 2619 1103 2670 set
1143 2626 1278 2668 eam
1318 2609 1473 2668 facta
1512 2626 1619 2685 per
1658 2609 1789 2685 ipsa
1830 2609 2067 2668 malam.

663 2709 761 2767 De
801 2708 965 2786 ligno
1005 2708 1293 2786 quicquid
1335 2717 1563 2768 rectum
1606 2709 1655 2767 si
1694 2708 1786 2767 vir
1825 2708 1938 2769 sibi
1981 2719 2194 2783 sumat,

575 2806 678 2865 Ad
717 2807 911 2866 visum
953 2807 1124 2866 claris
1166 2805 1385 2866 subdet
1424 2816 1483 2866 et
1524 2806 1671 2866 illud
1711 2807 1899 2883 aquis,

576 2905 841 2981 Apparet
882 2915 1106 2964 tortum
1146 2903 1260 2965 sibi
1303 2905 1469 2982 quod
1510 2905 1619 2964 fuit
1660 2905 1872 2965 ordine
1912 2915 2178 2980 rectum3

577 3001 677 3061 Sic
717 3002 797 3062 ad
838 3003 1209 3079 propositum
1252 3002 1347 3061 lex
1386 3002 1507 3078 agit
1546 3019 1689 3062 ecce
1729 3020 1954 3062 meum.

576 3099 735 3158 Nam
777 3101 826 3160 si
868 3100 1173 3160 causidico
1212 3099 1399 3159 modo
1439 3099 1637 3158 dicam
1680 3100 1772 3159 ius
1813 3099 2210 3172 manifestum,

576 3197 763 3272 Quod
804 3198 987 3256 michi
1029 3197 1263 3256 iusticia
1304 3197 1467 3255 nulla
1508 3214 1724 3274 negare
1764 3205 1979 3274 potest,

578 3295 721 3372 Ipse
762 3313 937 3354 suum
980 3295 1210 3354 lucrum
1253 3295 1601 3370 conspirans
1644 3293 1934 3371 quicquid
1973 3293 2053 3354 ad
2093 3295 2292 3373 ipsum

574 3393 798 3453 Dixero
839 3391 1164 3463 subuertet,
1206 3391 1395 3450 multa
1434 3391 1655 3469 pericla
1695 3410 1990 3467 mouens;

574 3490 836 3551 Conficit
876 3509 949 3549 ex
988 3489 1181 3550 mellis
1221 3489 1544 3550 dulcedine
1583 3489 1736 3550 fellis
1775 3507 2062 3564 amarum,

571 3589 779 3648 Vrtice
819 3587 1076 3648 similem
1118 3587 1287 3664 fingit
1328 3599 1389 3648 et
1430 3605 1561 3648 esse
1601 3605 1814 3661 rosam,

574 3687 655 3744 Et
695 3686 857 3746 velut
898 3703 970 3746 ex
1010 3685 1153 3745 flatu
1197 3685 1518 3745 Basiliscus
1560 3687 1781 3746 toxicat
1821 3687 1940 3746 oris

571 3785 749 3857 Aera,
795 3802 918 3861 quo
958 3793 1127 3860 peste
1168 3783 1435 3861 proxima
1476 3784 1596 3843 vita
1636 3784 1802 3860 perit,

574 3882 684 3940 Est
725 3881 895 3958 quod
935 3881 1069 3958 plus
1110 3899 1341 3954 sanum,
1386 3882 1472 3940 sic
1514 3880 1605 3941 ius
1647 3883 1734 3940 vir
1775 3881 1915 3941 iuris
1955 3880 2034 3941 ad
2074 3897 2246 3940 aures

574 3979 775 4040 Inficit
816 3997 890 4038 ex
931 3979 1143 4053 verbiS,
1188 3980 1401 4056 plenus
1442 3980 1503 4039 in
1545 3998 1649 4040 ore
1690 3980 1882 4040 dolis:

574 4080 654 4137 Et
694 4077 781 4136 sic
821 4077 1014 4153 vulpis
1054 4095 1235 4137 ouem
1278 4085 1455 4137 terret
1494 4078 1804 4154 predoque
1845 4077 2108 4137 viantem

568 4175 803 4249 Predat,
848 4175 1054 4253 sicque
1093 4175 1270 4235 dolus
1312 4174 1471 4252 cogit
1512 4174 1677 4235 abire
1718 4175 1923 4235 fidem.

568 4274 791 4334 Micius
832 4283 923 4333 est
962 4273 1131 4350 lapso
1172 4273 1424 4350 digitum
1465 4291 1803 4349 supponere
1842 4284 2085 4352 mento„

568 4375 844 4451 Mergere
884 4390 1066 4449 quam
1107 4371 1348 4450 liquidis
1390 4389 1494 4431 ora
1534 4372 1792 4432 natantis
1833 4372 2042 4450 aquis:

790 4485 883 4549 187
919 4485 1005 4536 Set
1024 4485 1065 4536 C
1290 4500 1381 4551 194
1415 4485 1602 4536 subdet
1625 4485 1722 4537 ΒΗ
1789 4487 1974 4536 subdat
1998 4483 2234 4536 CEGDL

2500 517 2622 580 235

2526 1448 2621 1498 180

2527 2441 2620 2492 190

2519 3415 2616 3451 200

2515 4395 2610 4430 210
