3434 5142
803 464 922 523 162
1498 458 1696 522 VOX
1757 458 2296 523 CLAMANTIS

961 618 1223 680 Pertinet
1261 620 1340 679 ad
1381 637 1576 679 mores
1616 616 1731 678 ista
1769 620 2008 695 loquela
2048 617 2280 679 bonos:

963 716 1196 777 Dicitur
1236 716 1367 789 hiis,
1415 720 1430 747 ‘
1452 717 1698 777 Terram
1740 718 1962 794 replete
1980 718 2033 791 '5
2085 728 2231 776 nota
2271 713 2379 777 tibi
2420 716 2691 778 dictum:

963 817 1180 875 Plenus
1221 814 1283 874 in
1324 814 1576 875 ecclesia
1613 813 1902 874 fructibus
1942 824 2073 875 esto
2113 813 2303 874 boniS.
2866 842 2999 879 2020

1038 915 1199 972 Ante
1240 913 1423 973 deum
1465 931 1686 971 vacuus
1730 931 1911 971 nemo
1950 910 2164 985 veniet,
2210 910 2351 988 quia
2392 914 2591 973 nullus

961 1010 1186 1087 Expers
1225 1008 1452 1069 virtutis
1493 1010 1676 1070 debet
1715 1010 1926 1070 adesse
1967 1011 2101 1070 deo·

957 1107 1056 1168 Sic
1095 1110 1330 1187 placare
1370 1110 1489 1169 deo
1529 1107 1838 1185 iustosque
1878 1127 2131 1185 reosque
2172 1108 2449 1168 sacerdos

959 1206 1176 1281 Debet,
1220 1218 1280 1267 et
1319 1208 1398 1267 ad
1439 1208 1600 1267 celos
1641 1207 1891 1266 fundere
1930 1208 2105 1266 thura
2144 1225 2429 1284 precum:

958 1304 1106 1365 Oret
1145 1324 1224 1365 ne
1264 1304 1453 1365 iustus
1492 1323 1529 1363 a
1570 1303 1803 1364 iusticia
1843 1305 2035 1377 cadat,
2080 1315 2208 1364 oret

955 1404 1038 1461 Vt
1079 1421 1298 1480 prauus
1339 1412 1538 1479 surgat
1579 1412 1639 1461 et
1679 1402 1837 1461 mala
1876 1400 2068 1480 prima
2108 1403 2263 1461 fleat.

957 1500 1014 1561 Ο
1057 1518 1239 1576 quarn
1282 1518 1374 1559 res
1415 1498 1562 1572 vilis,
1607 1501 1755 1560 dum
1796 1498 2085 1577 presbiter
2125 1510 2217 1559 est
2255 1510 2319 1559 vt
2359 1500 2594 1574 aselluS,

959 1596 1233 1656 Moribus
1273 1596 1570 1668 indoctuS,
1615 1607 1674 1656 et
1715 1595 1843 1657 sine
1885 1598 2015 1673 lege
2056 1596 2259 1657 rudis!

959 1696 1033 1753 In
1075 1713 1326 1754 numero
1365 1704 1504 1754 sunt
1544 1692 1851 1772 presbiteri
1892 1692 2006 1753 celi
2046 1692 2217 1771 quasi
2256 1695 2446 1768 stelle,

956 1790 1073 1851 Vix
1113 1801 1316 1852 tamen
1356 1811 1430 1851 ex
1469 1790 1631 1851 mille
1673 1790 1723 1850 si
1764 1792 1889 1851 duo
1929 1792 2063 1851 luce
2104 1790 2369 1851 micant:
2868 1814 2998 1864 2030

956 1888 1188 1968 Scripta
1225 1891 1430 1967 legunt
1471 1908 1584 1949 nec
1625 1887 1843 1966 scripta
1884 1886 2095 1962 sciunt,
2140 1888 2299 1949 tonsi
2340 1899 2541 1951 tamen
2583 1888 2695 1967 ipsi

956 1991 1012 2047 A
1053 1988 1232 2066 vulgo
1272 1987 1511 2061 distant,
1555 1988 1722 2065 quod
1762 1986 1905 2047 satis
1945 2006 2075 2047 esse
2116 1998 2343 2066 putant.

955 2086 1109 2145 Sunt
1149 2087 1296 2145 tales
1320 2107 1339 2159 3
1391 2096 1450 2145 et
1491 2095 1631 2144 sunt
1668 2084 1769 2143 alii
1812 2103 1965 2162 quos
2004 2085 2192 2145 ardua
2231 2084 2414 2145 virtus

957 2184 1147 2243 Ornat
1185 2183 1250 2242 in
1290 2182 1560 2258 ecclesia,
1600 2182 1706 2260 qui
1748 2182 1910 2243 bona
1949 2185 2136 2242 multa
2174 2184 2385 2243 ferunt.

956 2280 1192 2341 Emittit
1232 2300 1482 2341 coruum
1524 2280 1679 2355 Noe,
1724 2300 1850 2340 non
1890 2280 2045 2341 redit
2084 2280 2225 2354 ille3
2264 2279 2609 2341 columbam

956 2378 1208 2452 Emittit,
1251 2378 1506 2439 reditum
1549 2378 1731 2439 missa
1770 2378 2052 2440 columba
2091 2377 2266 2439 facit:

954 2476 1054 2537 Sic
1094 2487 1155 2537 et
1193 2476 1258 2536 in
1298 2476 1550 2538 ecclesia
1589 2487 1729 2537 sunt
1768 2476 1935 2537 corui
1976 2488 2233 2554 suntque
2274 2475 2571 2548 columbe,

954 2575 1107 2634 Sunt
1148 2594 1286 2635 cum
1327 2576 1463 2635 felle
1503 2574 1664 2649 mali,
1705 2585 1847 2635 sunt
1888 2573 2016 2634 sine
2058 2576 2193 2635 felle
2236 2573 2397 2634 boni.

955 2674 1102 2735 Cras
1143 2672 1394 2751 primam
1437 2684 1694 2748 cantant,
1741 2693 1880 2734 cum
1922 2693 1987 2734 se
2027 2684 2375 2734 conuertere
2414 2674 2665 2747 tardant,

954 2772 1057 2832 Set
1096 2770 1251 2831 tollit
1289 2773 1436 2832 tales
1477 2791 1619 2850 sepe
1660 2791 1939 2849 suprema
1978 2770 2146 2831 dies:
2862 2795 2993 2845 2040

949 2871 1129 2930 Tales
1169 2880 1310 2929 sunt
1349 2867 1513 2947 pigri,
1557 2888 1709 2947 quos
1752 2868 1963 2929 mundi
2003 2868 2241 2929 vincula
2280 2878 2543 2943 nectunt,

950 2968 1084 3027 Nec
1125 2965 1416 3045 promissa
1455 2966 1555 3028 dei
1596 2986 1777 3045 regna
1818 2965 1979 3027 sitire
2018 2968 2243 3027 volunt.

951 3064 1196 3126 Ordinis
1237 3064 1366 3142 ipse
1405 3064 1496 3125 sui
1539 3064 1642 3141 qui
1683 3076 1881 3125 seruat
1920 3063 2047 3124 iura
2087 3065 2382 3138 sacerdos,

952 3162 1162 3223 Rebus
1203 3173 1264 3222 et
1303 3162 1588 3240 exemplis
1630 3164 1913 3240 dogmata
1953 3172 2160 3222 sancta
2199 3163 2443 3235 docens,

949 3261 1092 3320 Non
1134 3262 1327 3320 honor
1367 3270 1458 3320 est
1499 3270 1716 3334 tantuS,
1762 3278 1884 3338 quo
1924 3280 2050 3320 non
2092 3259 2168 3319 sit
2207 3259 2271 3319 in
2302 3258 2524 3319 ‘ordine
2565 3257 2803 3336 dignus,

948 3359 1109 3418 Laus
1150 3357 1264 3417 sibi
1305 3377 1418 3418 nec
1459 3356 1666 3436 populi
1705 3356 1943 3431 sufficit,
1982 3357 2171 3418 immo
2210 3356 2345 3418 dei:

949 3457 1024 3516 In
1066 3457 1226 3516 clero
1265 3456 1475 3530 fateor,
1513 3475 1666 3533 quos
1705 3454 1998 3533 approbat
2036 3456 2225 3515 ardua
2262 3454 2445 3515 virtus
2448 3500 2467 3529 ,

948 3555 1196 3614 Illorum
1239 3552 1450 3613 merito
1491 3552 1687 3631 gracia
1729 3552 1917 3613 maior
1956 3550 2081 3613 erit.

853 3752 1198 3822 Postquam
1216 3752 1378 3807 dixit
1396 3751 1474 3806 de
1493 3766 1706 3807 errore
1727 3752 1975 3805 illorum
1994 3752 2100 3820 qui
2118 3750 2289 3805 inter
2306 3750 2629 3806 seculares
2642 3750 2989 3805 sacerdocii

781 3840 1196 3897 ministerium
1215 3840 1338 3895 sibi
1353 3842 1853 3909 assumpserunt,
1870 3839 2142 3894 intendit
2160 3839 2367 3893 dicere
2386 3838 2728 3893 secundum
2740 3842 2989 3908 tempus

781 3942 949 3983 nunc
971 3929 1052 3983 de
1074 3944 1286 3984 errore
1309 3928 1666 3991 scolas-ium,
1689 3928 1799 3996 qui
1824 3927 2088 3983 ecclesie
2112 3927 2395 3998 plantule
2417 3926 2724 3982 dicuntur.

481 4048 676 4130 Capm.
710 4048 899 4109 xxviii.
1035 4047 1302 4109 Nomine
1342 4048 1456 4109 sub
1496 4047 1634 4109 cleri
1676 4046 2070 4127 cognouimus
2110 4066 2243 4108 esse
2282 4048 2538 4107 scolares
2542 4092 2561 4122 ,

947 4145 1216 4207 Ecclesie
1256 4147 1488 4224 plantas
1530 4165 1684 4223 quos
1725 4157 1899 4206 vocat
1938 4143 2066 4223 ipse
2107 4147 2275 4206 deus·
2860 4165 2989 4219 2050

944 4243 1078 4305 Orti
1116 4242 1308 4304 diuini
1349 4244 1548 4303 bonus
1589 4254 1749 4304 extat
1789 4246 1995 4322 planta
2035 4242 2295 4317 scolariS,

945 4340 1215 4401 Ecclesie
1255 4342 1481 4400 fructus
1522 4360 1642 4418 que
1682 4340 1826 4402 facit
1866 4360 1997 4402 esse
2038 4342 2251 4401 bonos.

944 4438 1066 4517 Qui
1109 4439 1310 4500 studet
1349 4438 1412 4497 in
1455 4457 1690 4498 morum
1732 4438 1925 4500 causis
1966 4449 2028 4501 et
2068 4458 2194 4500 non
2234 4436 2543 4512 viciorum,
