3434 5142
788 481 866 541 74

1484 460 1683 525 VOX
1742 459 2285 527 CLAMANTIS

949 622 1089 697 Que
1128 621 1314 694 dedit,
1360 619 1519 682 vnde
1562 621 1741 681 maris
1781 620 1938 681 victa
1981 620 2240 697 procella
2279 619 2452 681 silet!

949 722 1107 781 Nam
1149 719 1319 803 deus·
1343 728 1405 779 vt
1444 719 1649 792 voluit,
1694 718 1829 796 plus
1870 718 2018 779 dum
2059 718 2197 779 furit
2237 718 2477 797 equoris
2519 716 2694 791 vnda,

947 820 1131 879 Grata
1172 817 1597 894 superveniens
1639 817 1788 877 hora
1827 817 2032 877 salutis
2073 816 2262 879 adest.

946 916 1135 991 Quod
1176 914 1327 975 deus
1368 914 1497 990 ipse
1538 932 1708 973 suam
1751 931 1860 989 pro
1901 924 2172 990 ternpore
2213 913 2443 973 distulit
2485 914 2650 985 iram,

948 1012 1132 1072 Vocis
1172 1010 1251 1071 ab
1294 1011 1531 1071 excelso
1572 1012 1818 1087 protulit
1861 1011 1973 1071 ista
2013 1029 2238 1085 sonus;

948 1110 1119 1171 Aeris
1160 1127 1197 1173 e
1239 1108 1443 1169 medio
1482 1108 1691 1168 diuina
1732 1126 1883 1169 voce
1921 1108 2176 1169 relatum

945 1208 1125 1267 Tunc
1164 1217 1289 1267 erat
1327 1216 1387 1265 et
1430 1206 1645 1266 nostris
1684 1205 1930 1267 auribus
1969 1207 2082 1267 ista
2120 1205 2332 1269 refert:
2865 1214 2994 1280 1890

949 1304 1131 1379 Dixit,
1180 1304 1432 1365 ‘Adhuc
1472 1304 1780 1367 modicum
1824 1315 2003 1365 restat
2044 1304 2230 1365 michi
2269 1314 2524 1381 tempus,
2567 1314 2630 1367 et
2669 1322 2814 1365 ecce

951 1404 1180 1464 Differo
1222 1403 1511 1463 iudicium
1554 1421 1693 1462 cum
1739 1402 1960 1479 pietate
2001 1404 2242 1463 meum.’

947 1501 1103 1564 Cilla
1144 1520 1249 1577 per
1290 1500 1407 1563 hoc
1447 1499 1697 1561 verbum
1741 1500 1986 1576 paciens
2027 1500 2323 1563 restrinxit
2361 1500 2610 1573 hiatum,

947 1599 1136 1676 Quod
1176 1597 1339 1675 prius
1381 1596 1653 1657 exhausit
1693 1597 1966 1674 protinus
2007 1598 2108 1657 illa
2148 1598 2374 1673 vomit3

946 1697 1167 1773 Sicque
1208 1694 1454 1755 iubente
1496 1695 1615 1754 deo
1655 1695 1846 1767 nauis,
1892 1713 2073 1771 quam
2117 1714 2262 1756 seua
2303 1714 2520 1773 vorago

946 1793 1204 1875 Sorbuit‚
1251 1793 1492 1870 erigitur
1532 1793 1774 1869 equoris
1813 1794 1933 1853 alta
1974 1804 2222 1856 tenens:

945 1892 1046 1952 Sic
1087 1892 1247 1968 prius
1288 1900 1558 1951 austerus
1600 1900 1716 1951 stat
1759 1889 1872 1951 sub
1914 1891 2326 1953 moderamine
2367 1902 2584 1965 motuS,

946 1990 1180 2049 Tantus
1222 1988 1428 2048 celesti
1469 1988 1633 2047 venit
1672 1986 1755 2049 ab
1795 2006 1900 2049 ore
1941 1989 2140 2065 vigor:

948 2088 1027 2147 Et
1069 2088 1187 2146 iam
1229 2086 1519 2147 deficiens
1560 2087 1647 2146 sic
1685 2086 1768 2149 ad
1807 2104 1917 2147 sua
1957 2085 2138 2148 verba
2177 2088 2382 2163 reuixi‚

947 2186 1030 2245 Vt
1072 2186 1226 2245 solet
1268 2184 1469 2244 infuso
1509 2202 1663 2244 vena
1704 2185 1899 2245 redire
1939 2203 2128 2245 mero.
2864 2208 2994 2261 1900

1028 2281 1428 2343 Conclamant
1469 2292 1667 2355 naute,
1712 2292 1959 2359 surgunt
1999 2284 2216 2359 pariter
2255 2292 2696 2361 properantque

949 2378 1221 2455 Quilibet
1263 2380 1525 2439 officium
1569 2380 1884 2441 fortificare
1925 2400 2144 2445 suumt
2493 2371 2502 2381 ’

949 2478 1049 2536 Sic
1092 2478 1245 2537 inter
1288 2476 1555 2539 medium
1597 2476 1720 2537 vite
1760 2478 2090 2555 mortisque
2129 2478 2454 2539 reformant

952 2574 1232 2647 Cursum,
1277 2592 1402 2650 quo
1444 2572 1703 2634 breuiter
1743 2575 1940 2635 tucius
1981 2576 2066 2635 ire
2107 2586 2357 2652 putant:

949 2670 1243 2748 Exiguam
1286 2671 1419 2745 veli,
1462 2689 1583 2748 que
1622 2682 1770 2731 tunc
1811 2682 2013 2733 tamen
2054 2674 2282 2751 integ-ra
2322 2673 2558 2747 mansit,

950 2770 1260 2829 Extollunt
1302 2779 1545 2846 partem,
1592 2770 1775 2833 ducat
1815 2782 1878 2831 vt
1919 2771 2048 2849 ipsa
2087 2782 2296 2833 ratem.

946 2868 1145 2927 Tanta
1187 2867 1253 2927 fit
1294 2866 1586 2944 ingluuies
1628 2877 1690 2928 et
1730 2887 2022 2945 aquarum
2064 2870 2256 2929 fluxus
2297 2868 2672 2943 habundans,

947 2965 1067 3023 Vix
1106 2966 1273 3042 quod
1314 2966 1549 3026 sedatas
1593 2976 1747 3026 terra
1787 2968 2102 3045 resumpsit
2142 2986 2365 3045 aquas:

950 3064 1056 3123 Set
1098 3082 1259 3125 mare
1300 3064 1405 3141 qui
1446 3064 1703 3141 pedibus
1745 3066 2000 3127 calcauit
2039 3065 2102 3125 in
2143 3066 2290 3127 orbe
2332 3066 2626 3140 misertus,

952 3162 1217 3222 Horrida
1256 3180 1649 3239 compescens
1690 3173 1961 3241 tempora
2002 3164 2122 3225 leta
2161 3163 2366 3226 dedit:
2862 3186 2992 3239 1910

952 3259 1197 3336 Equora
1238 3259 1586 3320 constrinxit
1626 3261 1862 3339 celique
1903 3262 2195 3323 foramina
2235 3262 2460 3335 clausit,

948 3358 1028 3416 Et
1068 3358 1267 3417 minus
1309 3358 1483 3418 iratas
1524 3360 1740 3419 cedere
1779 3360 1949 3421 iussit
1987 3379 2210 3438 aquas:

954 3455 1195 3517 Nebula
1234 3455 1454 3517 deiecit
1492 3458 1715 3519 nimbis
1755 3459 2040 3536 aquilone
2081 3460 2342 3529 remotiS,

951 3555 1084 3615 Nec
1124 3555 1317 3632 fragor
1355 3555 1595 3615 vlterius
1636 3574 1785 3617 voce
1825 3566 2072 3619 tonante
2112 3557 2286 3617 furit:

950 3650 1209 3727 Equoris
1250 3660 1411 3713 arcet
1450 3669 1653 3729 aquas,
1700 3653 1869 3715 iubet
1908 3664 1972 3715 vt
2013 3654 2090 3715 sit
2131 3654 2418 3715 terminus
2460 3654 2590 3729 illis,

950 3749 1049 3808 Ne
1089 3748 1267 3807 maris
1310 3748 1607 3809 infirmam
1648 3751 1784 3827 plus
1825 3760 1976 3813 terat
2017 3752 2103 3811 ira
2141 3762 2348 3814 ratem.

949 3847 1129 3906 Tunc
1168 3847 1301 3907 celo
1342 3858 1524 3909 terras
1563 3850 1831 3911 ostendit
1870 3860 1932 3911 et
1971 3850 2176 3911 ethera
2217 3850 2402 3923 terriS,

951 3941 1032 4000 Et
1072 3942 1264 4020 pelagi
1306 3944 1486 4007 furias
1526 3948 1758 4024 pescuit
1800 3948 1927 4025 ipse
1969 3948 2155 4009 feras:

951 4040 1128 4099 Tunc
1170 4042 1303 4102 loca
1341 4056 1753 4121 concrescunt,
1798 4047 1940 4123 quia
1979 4044 2466 4109 decrescentibus
2505 4047 2682 4107 vndis

953 4139 1077 4197 Pax
1116 4139 1284 4213 redit,
1328 4152 1512 4219 atque
1552 4145 1756 4221 probis
1796 4145 1864 4205 fit
1903 4155 2191 4205 renouata
2231 4144 2407 4205 salus.
2861 4168 2994 4221 1920

1035 4236 1084 4293 F
1085 4254 1229 4295 usca
1267 4253 1581 4318 repurgato
1623 4242 1930 4319 fugiebant
1973 4243 2222 4303 numina
2261 4243 2412 4317 cele,

952 4334 1001 4392 F
1004 4333 1141 4393 ulsit
1180 4345 1240 4395 et
1282 4346 1485 4413 optata
1524 4340 1736 4401 clarior
1759 4341 1874 4424 ‚illa
1915 4341 2081 4416 dies3

953 4430 1221 4511 Ortaque
1263 4433 1364 4494 lux
1404 4436 1583 4497 radiis
1625 4438 1886 4499 solidum
1928 4439 2288 4517 patefecerat
2325 4436 2555 4514 orbem,
