3434 5142
872 441 997 504 228

1580 435 1780 504 VOX
1835 437 2379 505 CLAMANTIS

1035 602 1265 679 SepiuS,
1310 601 1372 662 in
1412 601 1609 679 primo
1649 600 1818 678 quod
1857 611 1983 661 erat
2023 597 2292 660 sanabile
2331 597 2567 674 vulnus,

1036 701 1303 760 Dilatum
1344 700 1527 778 longo
1564 707 1838 777 tempore
1879 697 2070 759 nescit
2109 715 2311 776 opem.

1032 798 1135 858 Ad
1177 799 1467 860 vomitum
1507 797 1701 859 scelus
1741 805 1834 858 est
1875 793 2216 858 reuocabile
2255 796 2448 874 fitque
2487 805 2780 858 nouatum

1033 895 1286 970 Vulnus,
1326 906 1391 980 et
1430 896 1681 956 infirmis
1721 913 1904 955 causa
1943 893 2158 972 pusilla
2199 905 2412 956 nocet:

1031 994 1269 1054 Vulnus
1310 995 1373 1054 in
1412 994 1689 1071 antiqum
1729 991 1918 1054 rediet
1957 993 2118 1052 mala
2157 1009 2306 1053 sana
2343 993 2625 1068 eima-513

1031 1093 1321 1154 Defectus
1361 1109 1504 1154 cure
1542 1109 1726 1152 causa
1764 1089 1974 1168 prioris
2013 1099 2158 1150 erat.

1111 1191 1194 1251 Vt
1234 1191 1331 1250 vix
1370 1189 1699 1250 extinctum
1741 1190 2002 1250 cinerem
2041 1185 2158 1248 sub
2198 1187 2486 1266 sulphure
2525 1197 2750 1267 tangas,

1030 1288 1215 1362 Viuit,
1260 1297 1321 1348 et
1361 1305 1437 1348 ex
1474 1287 1730 1347 minimo
1771 1287 2064 1347 maximus
2105 1285 2260 1364 ignis
2301 1287 2452 1361 erit3

1031 1385 1132 1446 Sic
1174 1385 1493 1446 indiscrete
1532 1392 1797 1447 veterem
1838 1385 1944 1462 qui
1985 1385 2226 1461 corripit
2273 1385 2440 1458 iram,

1032 1483 1397 1546 Commouet
1438 1501 1511 1544 ex
1548 1483 1709 1543 facili
1749 1484 1901 1544 ferre
1939 1483 2108 1560 quod
2149 1482 2279 1560 ipse
2319 1483 2564 1561 nequit:

1032 1580 1320 1657 Quelibet
1358 1581 1655 1642 extinctos
1696 1579 1910 1641 iniuria
1950 1581 2197 1642 suscitat
2239 1581 2426 1660 ignes,

1029 1678 1175 1754 Quo
1216 1679 1377 1757 prius
1418 1678 1606 1740 oblita
1646 1677 1866 1739 sorcius
1907 1678 1992 1738 ira
2031 1679 2207 1740 redit.

1030 1779 1131 1838 Ira
1170 1777 1347 1852 subit,
1392 1777 1665 1838 deforme
1704 1777 1949 1850 malum,
1993 1777 2262 1855 lucrique
2301 1777 2564 1855 cupid03

1028 1875 1139 1936 Est
1180 1873 1283 1937 vbi
1324 1875 1521 1936 nullus
1560 1892 1745 1949 amor,
1789 1872 1928 1936 vrbs
1969 1873 2154 1936 habet
2193 1893 2379 1938 omne
2419 1876 2682 1953 nephas:

1028 1969 1300 2035 Crimina
1338 1973 1637 2048 dicuntur,
1680 1982 1920 2035 resonat
1959 1973 2322 2034 clamoribus
2363 1975 2546 2049 ether,

1029 2073 1285 2133 Inuooet
1326 2073 1541 2133 iratum
1582 2072 1669 2133 sic
1710 2071 1826 2134 sibi
1867 2073 2124 2151 quisque
2165 2073 2366 2134 deum.

1028 2170 1293 2230 Pertinet
1332 2169 1413 2231 ad
1452 2170 1617 2230 ciues
1658 2167 1900 2231 rabidos
1941 2187 2326 2247 compescere
2367 2187 2563 2248 mores

1027 2267 1307 2329 Candida
1346 2287 1462 2346 pax
1500 2269 1796 2344 homines,
1839 2278 1973 2330 trux
2013 2269 2192 2330 decet
2231 2270 2318 2330 ira
2358 2270 2547 2330 feras:

1027 2365 1209 2426 Nulla
1250 2367 1418 2442 fides,
1464 2365 1565 2427 vbi
1606 2367 1807 2426 nullus
1847 2385 2033 2441 amor,
2077 2376 2168 2428 set
2207 2384 2413 2427 amore
2454 2375 2688 2427 remoto

1027 2465 1271 2542 Ignorat
1311 2465 1615 2543 proprium
1656 2466 1928 2543 quisquis
1971 2465 2035 2525 in
2077 2463 2218 2526 vrbe
2258 2463 2525 2544 gradum.

1025 2564 1191 2623 Dum
1234 2563 1427 2624 diuisa
1468 2572 1671 2623 manet
1712 2561 1884 2641 plebs
1926 2580 1964 2622 a
2003 2563 2376 2640 sapientibus
2415 2561 2594 2636 vrbis,

1024 2660 1362 2722 Consilium
1402 2661 1591 2721 multe
1630 2660 1966 2722 calliditatis
2008 2661 2158 2722 init:

1026 2760 1206 2837 Ignis,
1250 2777 1408 2837 aqua
1447 2756 1768 2820 dominans
1811 2759 1936 2820 duo
1977 2770 2117 2820 sunt
2158 2760 2379 2838 pietate
2419 2769 2700 2834 carentes,

1021 2859 1252 2936 Vulgus
1294 2868 1355 2920 et
1394 2858 1724 2920 indomitus
1765 2858 1934 2936 peior
1975 2857 2232 2919 habetur
2272 2859 2377 2919 eis.

1102 2955 1313 3034 Nuper
1352 2955 1584 3016 iusticia
1623 2974 1740 3033 pax
1781 2965 1841 3017 et
1881 2955 2208 3016 concordia
2249 2956 2415 3017 ciues
2527 3013 2535 3022 .

1018 3050 1231 3114 Rebus
1272 3063 1333 3114 et
1373 3054 1435 3112 in
1476 3053 1671 3114 causis
1711 3055 2038 3116 rectificare
2079 3055 2256 3116 solet.

1018 3151 1077 3210 N
1082 3168 1200 3211 unc
1240 3149 1343 3211 vbi
1383 3153 1569 3212 sunt?
1624 3151 1808 3213 dicas,
1895 3152 2038 3212 Non
2080 3151 2199 3212 hic.
2285 3149 2410 3214 Cur
2450 3161 2598 3213 tunc
2637 3151 2959 3214 abierunt?

1020 3249 1204 3309 Liuor
1242 3258 1303 3310 et
1342 3249 1570 3327 argenti
1610 3249 1834 3310 lamina
1874 3267 2057 3310 causa
2097 3249 2227 3312 fuit.

1016 3345 1207 3423 Quod
1245 3346 1422 3408 dolus
1462 3344 1740 3425 adquirit,
1786 3348 2019 3408 lucrum
2061 3345 2334 3408 durabile
2373 3365 2501 3409 non
2543 3357 2655 3422 est,

1015 3443 1255 3505 Invidie
1294 3461 1409 3506 nec
1448 3461 1620 3505 amor
1660 3444 1835 3505 durat
1876 3444 1940 3504 in
1980 3443 2128 3505 vrbe
2168 3463 2393 3506 comes·

1014 3540 1218 3601 Ablue
1256 3541 1520 3618 preteriti
1560 3539 1818 3618 periuria
1858 3540 2160 3619 temporiS,
2206 3560 2314 3603 oro
2340 3563 2360 3618 3

1013 3636 1214 3698 Ablue
1253 3638 1531 3714 preterita
1570 3637 1802 3714 perfida
1841 3637 2023 3698 verba
2064 3639 2180 3698 die.

1015 3735 1114 3796 Sic
1156 3735 1291 3813 plus
1332 3753 1516 3813 quam
1557 3734 1722 3796 credi
1762 3735 1982 3814 poterit
2025 3735 2264 3796 fortuna
2303 3736 2551 3812 reviuet,

1011 3832 1221 3910 Surget
1263 3843 1323 3892 et
1364 3832 1426 3893 in
1468 3833 1736 3910 precium
1778 3833 1947 3911 quod
1988 3834 2175 3895 modo
2215 3834 2332 3895 vile
2370 3834 2556 3896 cadit.

1011 3930 1250 3990 Assolet
1290 3929 1592 3991 interdum
1636 3930 1765 3990 fieri
1808 3931 2101 4008 placabile
2143 3949 2387 4008 numen,

1012 4025 1195 4086 Nube
1234 4026 1387 4088 solet
1428 4028 1599 4105 pulsa
1638 4029 1852 4089 clarior
1893 4047 2024 4090 esse
2065 4027 2232 4091 dies:

1011 4123 1135 4182 Pax
1176 4123 1351 4184 datur
1390 4123 1452 4183 in
1494 4125 1661 4186 terris
1705 4124 1926 4204 quibus
1968 4135 2126 4186 extat
2167 4127 2422 4187 honesta
2461 4126 2774 4201 voluntas3

1014 4220 1122 4278 Vir
1162 4221 1353 4280 malus
1394 4238 1577 4282 omne
1616 4223 1786 4300 quod
1826 4233 1918 4284 est
1959 4223 2120 4300 pacis
2163 4223 2241 4283 ab
2283 4223 2428 4284 vrbe
2467 4221 2648 4302 fugat.

1009 4317 1211 4378 Roma
1250 4327 1431 4396 caput
1472 4319 1682 4381 mundi
1725 4321 1836 4382 fuit
1877 4322 2044 4381 omni
2085 4331 2374 4398 tempore,
2419 4319 2628 4382 saltem

1598 4445 1699 4494 975
1731 4429 1818 4483 No
1831 4438 2044 4498 paragr.
2067 4431 2316 4484 CEHTD

2981 718 3092 776 970

2969 2686 3074 2739 990

2939 3662 3066 3700 1000
