<?xml version="1.0" encoding="UTF-8"?>
<!DOCTYPE html PUBLIC "-//W3C//DTD XHTML 1.0 Transitional//EN"
    "http://www.w3.org/TR/xhtml1/DTD/xhtml1-transitional.dtd">
<html xmlns="http://www.w3.org/1999/xhtml" xml:lang="en" lang="en">
 <head>
  <title>
</title>
<meta http-equiv="Content-Type" content="text/html;charset=utf-8" />
  <meta name='ocr-system' content='tesseract 3.04.00' />
  <meta name='ocr-capabilities' content='ocr_page ocr_carea ocr_par ocr_line ocrx_word'/>
</head>
<body>
  <div class='ocr_page' id='page_1' title='image "./completeworksjo01macagoog_0123.png"; bbox 0 0 3434 5142; ppageno 0'>
   <div class='ocr_carea' id='block_1_1' title="bbox 474 4522 543 4555">
    <p class='ocr_par' dir='ltr' id='par_1_1' title="bbox 474 4522 543 4555">
     <span class='ocr_line' id='line_1_1' title="bbox 474 4522 543 4555; baseline -0.029 0"><span class='ocrx_word' id='word_1_1' title='bbox 474 4522 543 4555; x_wconf 49' lang='grc' dir='ltr'><strong>*ἢ</strong></span> 
     </span>
    </p>
   </div>
   <div class='ocr_carea' id='block_1_2' title="bbox 1124 440 2578 527">
    <p class='ocr_par' dir='ltr' id='par_1_2' title="bbox 1124 440 2578 527">
     <span class='ocr_line' id='line_1_2' title="bbox 1124 440 2578 527; baseline 0.001 -22"><span class='ocrx_word' id='word_1_2' title='bbox 1124 440 1411 507; x_wconf 81' lang='lat' dir='ltr'><strong>LIBER</strong></span> <span class='ocrx_word' id='word_1_3' title='bbox 1473 440 1836 507; x_wconf 83' lang='lat' dir='ltr'>PRIMUS</span> <span class='ocrx_word' id='word_1_4' title='bbox 2496 463 2578 527; x_wconf 81' lang='lat'><strong>33</strong></span> 
     </span>
    </p>
   </div>
   <div class='ocr_carea' id='block_1_3' title="bbox 534 601 2592 4404">
    <p class='ocr_par' dir='ltr' id='par_1_3' title="bbox 534 601 2592 4404">
     <span class='ocr_line' id='line_1_3' title="bbox 536 601 2228 680; baseline 0.001 -17"><span class='ocrx_word' id='word_1_5' title='bbox 536 601 645 663; x_wconf 89' lang='lat' dir='ltr'><strong>Hii</strong></span> <span class='ocrx_word' id='word_1_6' title='bbox 686 618 888 679; x_wconf 89' lang='lat' dir='ltr'><strong>neque</strong></span> <span class='ocrx_word' id='word_1_7' title='bbox 929 608 1151 661; x_wconf 83' lang='lat' dir='ltr'><strong>venatu</strong></span> <span class='ocrx_word' id='word_1_8' title='bbox 1192 601 1547 678; x_wconf 82' lang='lat' dir='ltr'><strong>spaciantur,</strong></span> <span class='ocrx_word' id='word_1_9' title='bbox 1590 610 1684 663; x_wconf 82' lang='lat' dir='ltr'><strong>set</strong></span> <span class='ocrx_word' id='word_1_10' title='bbox 1725 618 1924 680; x_wconf 84' lang='lat' dir='ltr'><strong>neque</strong></span> <span class='ocrx_word' id='word_1_11' title='bbox 1964 602 2228 680; x_wconf 77' lang='lat' dir='ltr'><strong>gaudent</strong></span> 
     </span>
     <span class='ocr_line' id='line_1_4' title="bbox 535 700 2580 780; baseline -0 -18"><span class='ocrx_word' id='word_1_12' title='bbox 535 702 633 762; x_wconf 89' lang='lat' dir='ltr'><strong>De</strong></span> <span class='ocrx_word' id='word_1_13' title='bbox 672 718 878 774; x_wconf 88' lang='lat' dir='ltr'><strong>cornu,</strong></span> <span class='ocrx_word' id='word_1_14' title='bbox 924 718 1037 763; x_wconf 90' lang='lat' dir='ltr'><strong>nec</strong></span> <span class='ocrx_word' id='word_1_15' title='bbox 1076 700 1167 761; x_wconf 82' lang='lat' dir='ltr'><strong>eis</strong></span> <span class='ocrx_word' id='word_1_16' title='bbox 1206 700 1356 780; x_wconf 89' lang='lat' dir='ltr'><strong>quid</strong></span> <span class='ocrx_word' id='word_1_17' title='bbox 1394 700 1510 761; x_wconf 86' lang='lat' dir='ltr'><strong>nisi</strong></span> <span class='ocrx_word' id='word_1_18' title='bbox 1550 701 1667 762; x_wconf 83' lang='lat' dir='ltr'><strong>vile</strong></span> <span class='ocrx_word' id='word_1_19' title='bbox 1706 710 1946 761; x_wconf 83' lang='lat' dir='ltr'><strong>manet:</strong></span> <span class='ocrx_word' id='word_1_20' title='bbox 2477 726 2580 779; x_wconf 79' lang='lat'><strong>390</strong></span> 
     </span>
     <span class='ocr_line' id='line_1_5' title="bbox 534 798 2381 877; baseline 0.001 -18"><span class='ocrx_word' id='word_1_21' title='bbox 534 799 678 859; x_wconf 87' lang='lat' dir='ltr'><strong>Non</strong></span> <span class='ocrx_word' id='word_1_22' title='bbox 720 816 937 859; x_wconf 87' lang='lat' dir='ltr'><strong>nemus</strong></span> <span class='ocrx_word' id='word_1_23' title='bbox 977 807 1040 858; x_wconf 87' lang='lat' dir='ltr'><strong>vt</strong></span> <span class='ocrx_word' id='word_1_24' title='bbox 1080 798 1347 875; x_wconf 88' lang='lat' dir='ltr'><strong>leporem</strong></span> <span class='ocrx_word' id='word_1_25' title='bbox 1386 798 1625 874; x_wconf 86' lang='lat' dir='ltr'><strong>capiant</strong></span> <span class='ocrx_word' id='word_1_26' title='bbox 1666 806 2064 861; x_wconf 80' lang='lat' dir='ltr'>transcurrere</span> <span class='ocrx_word' id='word_1_27' title='bbox 2104 811 2381 877; x_wconf 84' lang='lat' dir='ltr'><strong>querunt,</strong></span> 
     </span>
     <span class='ocr_line' id='line_1_6' title="bbox 535 895 1776 975; baseline 0.001 -19"><span class='ocrx_word' id='word_1_28' title='bbox 535 897 669 958; x_wconf 87' lang='lat' dir='ltr'><strong>Nec</strong></span> <span class='ocrx_word' id='word_1_29' title='bbox 708 914 921 957; x_wconf 87' lang='lat' dir='ltr'><strong>ceruos</strong></span> <span class='ocrx_word' id='word_1_30' title='bbox 958 896 1187 975; x_wconf 81' lang='lat' dir='ltr'><strong>agitant</strong></span> <span class='ocrx_word' id='word_1_31' title='bbox 1226 895 1307 957; x_wconf 89' lang='lat' dir='ltr'><strong>de</strong></span> <span class='ocrx_word' id='word_1_32' title='bbox 1346 896 1589 957; x_wconf 81' lang='lat' dir='ltr'><strong>leuitate</strong></span> <span class='ocrx_word' id='word_1_33' title='bbox 1628 914 1776 972; x_wconf 82' lang='lat' dir='ltr'><strong>sua3</strong></span> 
     </span>
     <span class='ocr_line' id='line_1_7' title="bbox 536 992 1934 1073; baseline 0 -18"><span class='ocrx_word' id='word_1_34' title='bbox 536 994 639 1055; x_wconf 90' lang='lat' dir='ltr'><strong>Set</strong></span> <span class='ocrx_word' id='word_1_35' title='bbox 680 996 868 1073; x_wconf 84' lang='lat' dir='ltr'><strong>magis</strong></span> <span class='ocrx_word' id='word_1_36' title='bbox 908 995 989 1055; x_wconf 89' lang='lat' dir='ltr'><strong>ad</strong></span> <span class='ocrx_word' id='word_1_37' title='bbox 1029 994 1183 1055; x_wconf 88' lang='lat' dir='ltr'><strong>talos</strong></span> <span class='ocrx_word' id='word_1_38' title='bbox 1223 1004 1379 1055; x_wconf 84' lang='lat' dir='ltr'><strong>retro</strong></span> <span class='ocrx_word' id='word_1_39' title='bbox 1421 992 1633 1055; x_wconf 80' lang='lat' dir='ltr'><strong>latrare</strong></span> <span class='ocrx_word' id='word_1_40' title='bbox 1670 994 1934 1057; x_wconf 81' lang='lat' dir='ltr'><strong>virorum</strong></span> 
     </span>
     <span class='ocr_line' id='line_1_8' title="bbox 539 1092 1782 1166; baseline 0.001 -14"><span class='ocrx_word' id='word_1_41' title='bbox 539 1094 859 1166; x_wconf 81' lang='lat' dir='ltr'><strong>Affectant,</strong></span> <span class='ocrx_word' id='word_1_42' title='bbox 904 1103 965 1153; x_wconf 89' lang='lat' dir='ltr'><strong>et</strong></span> <span class='ocrx_word' id='word_1_43' title='bbox 1005 1093 1094 1153; x_wconf 84' lang='lat' dir='ltr'><strong>eis</strong></span> <span class='ocrx_word' id='word_1_44' title='bbox 1135 1092 1299 1155; x_wconf 87' lang='lat' dir='ltr'><strong>tedia</strong></span> <span class='ocrx_word' id='word_1_45' title='bbox 1338 1092 1526 1153; x_wconf 87' lang='lat' dir='ltr'><strong>multa</strong></span> <span class='ocrx_word' id='word_1_46' title='bbox 1566 1092 1782 1154; x_wconf 83' lang='lat' dir='ltr'><strong>ferunt.</strong></span> 
     </span>
     <span class='ocr_line' id='line_1_9' title="bbox 620 1189 2316 1267; baseline 0 -15"><span class='ocrx_word' id='word_1_47' title='bbox 620 1189 803 1252; x_wconf 88' lang='lat' dir='ltr'><strong>Cutte</strong></span> <span class='ocrx_word' id='word_1_48' title='bbox 843 1208 965 1267; x_wconf 87' lang='lat' dir='ltr'><strong>que</strong></span> <span class='ocrx_word' id='word_1_49' title='bbox 1005 1190 1195 1251; x_wconf 88' lang='lat' dir='ltr'><strong>Curre</strong></span> <span class='ocrx_word' id='word_1_50' title='bbox 1236 1190 1413 1250; x_wconf 89' lang='lat' dir='ltr'><strong>simul</strong></span> <span class='ocrx_word' id='word_1_51' title='bbox 1454 1189 1644 1265; x_wconf 83' lang='lat' dir='ltr'><strong>rapidi</strong></span> <span class='ocrx_word' id='word_1_52' title='bbox 1684 1207 1792 1267; x_wconf 84' lang='lat' dir='ltr'><strong>per</strong></span> <span class='ocrx_word' id='word_1_53' title='bbox 1832 1190 2012 1251; x_wconf 84' lang='lat' dir='ltr'><strong>deuia</strong></span> <span class='ocrx_word' id='word_1_54' title='bbox 2051 1201 2316 1266; x_wconf 82' lang='lat' dir='ltr'><strong>currunt,</strong></span> 
     </span>
     <span class='ocr_line' id='line_1_10' title="bbox 542 1286 1904 1365; baseline 0.001 -18"><span class='ocrx_word' id='word_1_55' title='bbox 542 1286 909 1365; x_wconf 83' lang='lat' dir='ltr'><strong>Linquentes</strong></span> <span class='ocrx_word' id='word_1_56' title='bbox 949 1287 1195 1348; x_wconf 82' lang='lat' dir='ltr'><strong>miseras</strong></span> <span class='ocrx_word' id='word_1_57' title='bbox 1236 1286 1660 1364; x_wconf 81' lang='lat' dir='ltr'><strong>degenerando</strong></span> <span class='ocrx_word' id='word_1_58' title='bbox 1699 1306 1904 1349; x_wconf 81' lang='lat' dir='ltr'><strong>casas:</strong></span> 
     </span>
     <span class='ocr_line' id='line_1_11' title="bbox 540 1384 2160 1463; baseline 0.002 -19"><span class='ocrx_word' id='word_1_59' title='bbox 540 1384 639 1445; x_wconf 88' lang='lat' dir='ltr'><strong>En</strong></span> <span class='ocrx_word' id='word_1_60' title='bbox 682 1385 935 1463; x_wconf 80' lang='lat' dir='ltr'><strong>pastoris</strong></span> <span class='ocrx_word' id='word_1_61' title='bbox 974 1386 1145 1447; x_wconf 87' lang='lat' dir='ltr'><strong>adest</strong></span> <span class='ocrx_word' id='word_1_62' title='bbox 1186 1384 1372 1459; x_wconf 90' lang='lat' dir='ltr'><strong>canis,</strong></span> <span class='ocrx_word' id='word_1_63' title='bbox 1414 1393 1477 1447; x_wconf 87' lang='lat' dir='ltr'><strong>et</strong></span> <span class='ocrx_word' id='word_1_64' title='bbox 1516 1385 1621 1463; x_wconf 89' lang='lat' dir='ltr'><strong>qui</strong></span> <span class='ocrx_word' id='word_1_65' title='bbox 1662 1396 1845 1447; x_wconf 89' lang='lat' dir='ltr'><strong>nocte</strong></span> <span class='ocrx_word' id='word_1_66' title='bbox 1883 1386 2160 1448; x_wconf 81' lang='lat' dir='ltr'><strong>latrando</strong></span> 
     </span>
     <span class='ocr_line' id='line_1_12' title="bbox 537 1483 1880 1561; baseline 0.002 -18"><span class='ocrx_word' id='word_1_67' title='bbox 537 1484 707 1544; x_wconf 82' lang='lat' dir='ltr'><strong>Atria</strong></span> <span class='ocrx_word' id='word_1_68' title='bbox 744 1494 1077 1557; x_wconf 87' lang='lat' dir='ltr'><strong>conseruat,</strong></span> <span class='ocrx_word' id='word_1_69' title='bbox 1121 1484 1207 1545; x_wconf 90' lang='lat' dir='ltr'><strong>hii</strong></span> <span class='ocrx_word' id='word_1_70' title='bbox 1246 1483 1373 1546; x_wconf 89' lang='lat' dir='ltr'><strong>duo</strong></span> <span class='ocrx_word' id='word_1_71' title='bbox 1412 1501 1557 1561; x_wconf 81' lang='lat' dir='ltr'><strong>sepe</strong></span> <span class='ocrx_word' id='word_1_72' title='bbox 1594 1493 1880 1561; x_wconf 80' lang='lat' dir='ltr'><strong>granant:</strong></span> 
     </span>
     <span class='ocr_line' id='line_1_13' title="bbox 542 1581 2075 1661; baseline 0.001 -17"><span class='ocrx_word' id='word_1_73' title='bbox 542 1582 759 1644; x_wconf 88' lang='lat' dir='ltr'><strong>Omnis</strong></span> <span class='ocrx_word' id='word_1_74' title='bbox 798 1582 1045 1659; x_wconf 88' lang='lat' dir='ltr'><strong>pistrine</strong></span> <span class='ocrx_word' id='word_1_75' title='bbox 1084 1582 1393 1660; x_wconf 87' lang='lat' dir='ltr'><strong>proprium</strong></span> <span class='ocrx_word' id='word_1_76' title='bbox 1433 1581 1774 1661; x_wconf 82' lang='lat' dir='ltr'><strong>pariterque</strong></span> <span class='ocrx_word' id='word_1_77' title='bbox 1814 1584 2075 1661; x_wconf 89' lang='lat' dir='ltr'><strong>coquine</strong></span> 
     </span>
     <span class='ocr_line' id='line_1_14' title="bbox 543 1676 2584 1759; baseline 0 -19"><span class='ocrx_word' id='word_1_78' title='bbox 543 1682 747 1759; x_wconf 86' lang='lat' dir='ltr'><strong>Rupta</strong></span> <span class='ocrx_word' id='word_1_79' title='bbox 787 1680 1044 1745; x_wconf 81' lang='lat' dir='ltr'><strong>cathena</strong></span> <span class='ocrx_word' id='word_1_80' title='bbox 1084 1698 1262 1741; x_wconf 85' lang='lat' dir='ltr'><strong>suum</strong></span> <span class='ocrx_word' id='word_1_81' title='bbox 1302 1680 1459 1741; x_wconf 85' lang='lat' dir='ltr'><strong>laxat</strong></span> <span class='ocrx_word' id='word_1_82' title='bbox 1497 1676 1665 1753; x_wconf 80' lang='lat' dir='ltr'><strong>abire</strong></span> <span class='ocrx_word' id='word_1_83' title='bbox 1702 1698 1954 1741; x_wconf 86' lang='lat' dir='ltr'><strong>canem:</strong></span> <span class='ocrx_word' id='word_1_84' title='bbox 2483 1695 2584 1755; x_wconf 75' lang='lat'><strong>4⁶⁶</strong></span> 
     </span>
     <span class='ocr_line' id='line_1_15' title="bbox 546 1776 2060 1857; baseline -0.002 -15"><span class='ocrx_word' id='word_1_85' title='bbox 546 1776 917 1842; x_wconf 83' lang='lat' dir='ltr'><strong>carnificum</strong></span> <span class='ocrx_word' id='word_1_86' title='bbox 956 1778 1211 1857; x_wconf 79' lang='lat' dir='ltr'><strong>grandes</strong></span> <span class='ocrx_word' id='word_1_87' title='bbox 1250 1778 1496 1856; x_wconf 80' lang='lat' dir='ltr'><strong>vidique</strong></span> <span class='ocrx_word' id='word_1_88' title='bbox 1534 1778 1738 1839; x_wconf 80' lang='lat' dir='ltr'><strong>venire</strong></span> <span class='ocrx_word' id='word_1_89' title='bbox 1777 1778 2060 1852; x_wconf 81' lang='lat' dir='ltr'><strong>molosos‚</strong></span> 
     </span>
     <span class='ocr_line' id='line_1_16' title="bbox 544 1876 1938 1956; baseline -0.001 -18"><span class='ocrx_word' id='word_1_90' title='bbox 544 1879 747 1956; x_wconf 89' lang='lat' dir='ltr'><strong>Atque</strong></span> <span class='ocrx_word' id='word_1_91' title='bbox 788 1878 1121 1939; x_wconf 84' lang='lat' dir='ltr'><strong>molendini</strong></span> <span class='ocrx_word' id='word_1_92' title='bbox 1162 1894 1277 1938; x_wconf 87' lang='lat' dir='ltr'><strong>nec</strong></span> <span class='ocrx_word' id='word_1_93' title='bbox 1315 1886 1521 1938; x_wconf 79' lang='lat' dir='ltr'><strong>manet</strong></span> <span class='ocrx_word' id='word_1_94' title='bbox 1560 1877 1691 1954; x_wconf 83' lang='lat' dir='ltr'><strong>ipse</strong></span> <span class='ocrx_word' id='word_1_95' title='bbox 1731 1876 1938 1952; x_wconf 80' lang='lat' dir='ltr'><strong>domi3</strong></span> 
     </span>
     <span class='ocr_line' id='line_1_17' title="bbox 545 1974 2198 2053; baseline 0.001 -18"><span class='ocrx_word' id='word_1_96' title='bbox 545 1976 605 2035; x_wconf 92' lang='lat' dir='ltr'>N</span> <span class='ocrx_word' id='word_1_97' title='bbox 606 1994 677 2037; x_wconf 89' lang='lat' dir='ltr'><strong>ec</strong></span> <span class='ocrx_word' id='word_1_98' title='bbox 717 1974 1019 2035; x_wconf 84' lang='lat' dir='ltr'><strong>stabulum</strong></span> <span class='ocrx_word' id='word_1_99' title='bbox 1060 1984 1291 2036; x_wconf 86' lang='lat' dir='ltr'><strong>veteres</strong></span> <span class='ocrx_word' id='word_1_100' title='bbox 1330 1984 1563 2053; x_wconf 74' lang='lat' dir='ltr'><strong>potent</strong></span> <span class='ocrx_word' id='word_1_101' title='bbox 1602 1975 1859 2035; x_wconf 88' lang='lat' dir='ltr'><strong>retinere</strong></span> <span class='ocrx_word' id='word_1_102' title='bbox 1899 1974 2198 2047; x_wconf 78' lang='lat' dir='ltr'><strong>latrantes,</strong></span> 
     </span>
     <span class='ocr_line' id='line_1_18' title="bbox 549 2072 1814 2150; baseline 0 -17"><span class='ocrx_word' id='word_1_103' title='bbox 549 2074 715 2150; x_wconf 89' lang='lat' dir='ltr'><strong>Quin</strong></span> <span class='ocrx_word' id='word_1_104' title='bbox 756 2073 1005 2134; x_wconf 88' lang='lat' dir='ltr'><strong>veniunt</strong></span> <span class='ocrx_word' id='word_1_105' title='bbox 1044 2072 1223 2133; x_wconf 83' lang='lat' dir='ltr'><strong>sociis</strong></span> <span class='ocrx_word' id='word_1_106' title='bbox 1264 2081 1326 2135; x_wconf 90' lang='lat' dir='ltr'><strong>et</strong></span> <span class='ocrx_word' id='word_1_107' title='bbox 1364 2072 1671 2133; x_wconf 84' lang='lat' dir='ltr'><strong>sociantur</strong></span> <span class='ocrx_word' id='word_1_108' title='bbox 1706 2072 1814 2133; x_wconf 87' lang='lat' dir='ltr'><strong>eis.</strong></span> 
     </span>
     <span class='ocr_line' id='line_1_19' title="bbox 544 2168 2252 2247; baseline -0.002 -14"><span class='ocrx_word' id='word_1_109' title='bbox 544 2170 657 2233; x_wconf 88' lang='lat' dir='ltr'><strong>Est</strong></span> <span class='ocrx_word' id='word_1_110' title='bbox 696 2168 781 2231; x_wconf 89' lang='lat' dir='ltr'><strong>ibi</strong></span> <span class='ocrx_word' id='word_1_111' title='bbox 822 2170 1199 2244; x_wconf 79' lang='lat' dir='ltr'><strong>monoculus,</strong></span> <span class='ocrx_word' id='word_1_112' title='bbox 1241 2179 1333 2231; x_wconf 88' lang='lat' dir='ltr'><strong>set</strong></span> <span class='ocrx_word' id='word_1_113' title='bbox 1374 2180 1435 2231; x_wconf 84' lang='lat' dir='ltr'><strong>et</strong></span> <span class='ocrx_word' id='word_1_114' title='bbox 1474 2170 1575 2231; x_wconf 90' lang='lat' dir='ltr'><strong>ille</strong></span> <span class='ocrx_word' id='word_1_115' title='bbox 1617 2169 1798 2247; x_wconf 66' lang='lat' dir='ltr'><strong>tripes</strong></span> <span class='ocrx_word' id='word_1_116' title='bbox 1840 2169 2010 2247; x_wconf 88' lang='lat' dir='ltr'><strong>quasi</strong></span> <span class='ocrx_word' id='word_1_117' title='bbox 2051 2169 2252 2230; x_wconf 84' lang='lat' dir='ltr'><strong>furtim</strong></span> 
     </span>
     <span class='ocr_line' id='line_1_20' title="bbox 546 2268 1929 2347; baseline -0.001 -17"><span class='ocrx_word' id='word_1_118' title='bbox 546 2268 864 2331; x_wconf 84' lang='lat' dir='ltr'><strong>Claudicat</strong></span> <span class='ocrx_word' id='word_1_119' title='bbox 903 2287 941 2328; x_wconf 85' lang='lat' dir='ltr'><strong>a</strong></span> <span class='ocrx_word' id='word_1_120' title='bbox 980 2278 1154 2342; x_wconf 85' lang='lat' dir='ltr'><strong>retro,</strong></span> <span class='ocrx_word' id='word_1_121' title='bbox 1198 2268 1373 2329; x_wconf 86' lang='lat' dir='ltr'><strong>latrat</strong></span> <span class='ocrx_word' id='word_1_122' title='bbox 1412 2277 1474 2329; x_wconf 90' lang='lat' dir='ltr'><strong>et</strong></span> <span class='ocrx_word' id='word_1_123' title='bbox 1514 2268 1643 2347; x_wconf 85' lang='lat' dir='ltr'><strong>ipse</strong></span> <span class='ocrx_word' id='word_1_124' title='bbox 1682 2286 1929 2329; x_wconf 87' lang='lat' dir='ltr'><strong>comes:</strong></span> 
     </span>
     <span class='ocr_line' id='line_1_21' title="bbox 546 2366 2150 2445; baseline 0.001 -21"><span class='ocrx_word' id='word_1_125' title='bbox 546 2368 716 2427; x_wconf 92' lang='lat' dir='ltr'><strong>Voce</strong></span> <span class='ocrx_word' id='word_1_126' title='bbox 757 2385 869 2427; x_wconf 88' lang='lat' dir='ltr'><strong>sua</strong></span> <span class='ocrx_word' id='word_1_127' title='bbox 906 2384 1085 2426; x_wconf 85' lang='lat' dir='ltr'><strong>rauca</strong></span> <span class='ocrx_word' id='word_1_128' title='bbox 1125 2376 1271 2427; x_wconf 87' lang='lat' dir='ltr'><strong>tunc</strong></span> <span class='ocrx_word' id='word_1_129' title='bbox 1312 2368 1442 2427; x_wconf 86' lang='lat' dir='ltr'><strong>rinx</strong></span> <span class='ocrx_word' id='word_1_130' title='bbox 1480 2366 1777 2443; x_wconf 86' lang='lat' dir='ltr'><strong>ringendo</strong></span> <span class='ocrx_word' id='word_1_131' title='bbox 1819 2366 2150 2445; x_wconf 85' lang='lat' dir='ltr'><strong>fimumque</strong></span> 
     </span>
     <span class='ocr_line' id='line_1_22' title="bbox 546 2458 1912 2543; baseline 0 -18"><span class='ocrx_word' id='word_1_132' title='bbox 546 2464 804 2537; x_wconf 68' lang='lat' dir='ltr'><strong>Deserit,</strong></span> <span class='ocrx_word' id='word_1_133' title='bbox 846 2458 1032 2543; x_wconf 84' lang='lat' dir='ltr'><strong>atque</strong></span> <span class='ocrx_word' id='word_1_134' title='bbox 1070 2464 1205 2525; x_wconf 78' lang='lat' dir='ltr'><strong>loca</strong></span> <span class='ocrx_word' id='word_1_135' title='bbox 1246 2464 1429 2541; x_wconf 83' lang='lat' dir='ltr'><strong>spirat</strong></span> <span class='ocrx_word' id='word_1_136' title='bbox 1468 2464 1691 2525; x_wconf 85' lang='lat' dir='ltr'><strong>habere</strong></span> <span class='ocrx_word' id='word_1_137' title='bbox 1733 2482 1912 2525; x_wconf 84' lang='lat' dir='ltr'><strong>noua.</strong></span> 
     </span>
     <span class='ocr_line' id='line_1_23' title="bbox 546 2558 2066 2641; baseline 0.001 -20"><span class='ocrx_word' id='word_1_138' title='bbox 546 2562 657 2622; x_wconf 89' lang='lat' dir='ltr'><strong>Hii</strong></span> <span class='ocrx_word' id='word_1_139' title='bbox 700 2572 841 2622; x_wconf 86' lang='lat' dir='ltr'><strong>sunt</strong></span> <span class='ocrx_word' id='word_1_140' title='bbox 882 2580 1036 2641; x_wconf 88' lang='lat' dir='ltr'><strong>quos</strong></span> <span class='ocrx_word' id='word_1_141' title='bbox 1076 2562 1255 2625; x_wconf 84' lang='lat' dir='ltr'><strong>dorsa</strong></span> <span class='ocrx_word' id='word_1_142' title='bbox 1295 2562 1497 2623; x_wconf 86' lang='lat' dir='ltr'><strong>nullus</strong></span> <span class='ocrx_word' id='word_1_143' title='bbox 1536 2562 1780 2639; x_wconf 83' lang='lat' dir='ltr'><strong>planare</strong></span> <span class='ocrx_word' id='word_1_144' title='bbox 1820 2558 2066 2635; x_wconf 81' lang='lat' dir='ltr'><strong>valebit,</strong></span> 
     </span>
     <span class='ocr_line' id='line_1_24' title="bbox 545 2660 2587 2739; baseline -0 -20"><span class='ocrx_word' id='word_1_145' title='bbox 545 2660 819 2739; x_wconf 85' lang='lat' dir='ltr'><strong>Tangere</strong></span> <span class='ocrx_word' id='word_1_146' title='bbox 858 2678 975 2723; x_wconf 83' lang='lat' dir='ltr'><strong>nec</strong></span> <span class='ocrx_word' id='word_1_147' title='bbox 1012 2660 1253 2734; x_wconf 80' lang='lat' dir='ltr'><strong>caudas,</strong></span> <span class='ocrx_word' id='word_1_148' title='bbox 1298 2678 1413 2721; x_wconf 88' lang='lat' dir='ltr'><strong>nec</strong></span> <span class='ocrx_word' id='word_1_149' title='bbox 1452 2660 1707 2721; x_wconf 87' lang='lat' dir='ltr'><strong>retinere</strong></span> <span class='ocrx_word' id='word_1_150' title='bbox 1747 2669 1964 2737; x_wconf 80' lang='lat' dir='ltr'><strong>caput3</strong></span> <span class='ocrx_word' id='word_1_151' title='bbox 2485 2680 2587 2734; x_wconf 81' lang='lat'><strong>410</strong></span> 
     </span>
     <span class='ocr_line' id='line_1_25' title="bbox 549 2756 1926 2835; baseline 0.001 -18"><span class='ocrx_word' id='word_1_152' title='bbox 549 2757 692 2817; x_wconf 88' lang='lat' dir='ltr'><strong>Irati</strong></span> <span class='ocrx_word' id='word_1_153' title='bbox 732 2775 969 2835; x_wconf 85' lang='lat' dir='ltr'><strong>semper</strong></span> <span class='ocrx_word' id='word_1_154' title='bbox 1008 2757 1321 2819; x_wconf 84' lang='lat' dir='ltr'><strong>denudant</strong></span> <span class='ocrx_word' id='word_1_155' title='bbox 1358 2776 1504 2817; x_wconf 86' lang='lat' dir='ltr'><strong>nam</strong></span> <span class='ocrx_word' id='word_1_156' title='bbox 1542 2756 1653 2819; x_wconf 89' lang='lat' dir='ltr'><strong>tibi</strong></span> <span class='ocrx_word' id='word_1_157' title='bbox 1695 2756 1926 2829; x_wconf 78' lang='lat' dir='ltr'><strong>dentes,</strong></span> 
     </span>
     <span class='ocr_line' id='line_1_26' title="bbox 546 2854 1996 2933; baseline 0 -18"><span class='ocrx_word' id='word_1_158' title='bbox 546 2854 679 2916; x_wconf 87' lang='lat' dir='ltr'><strong>Nec</strong></span> <span class='ocrx_word' id='word_1_159' title='bbox 720 2873 829 2915; x_wconf 88' lang='lat' dir='ltr'><strong>sua</strong></span> <span class='ocrx_word' id='word_1_160' title='bbox 868 2855 1162 2916; x_wconf 81' lang='lat' dir='ltr'><strong>msticitas</strong></span> <span class='ocrx_word' id='word_1_161' title='bbox 1203 2855 1494 2933; x_wconf 87' lang='lat' dir='ltr'><strong>quicquid</strong></span> <span class='ocrx_word' id='word_1_162' title='bbox 1532 2855 1753 2917; x_wconf 82' lang='lat' dir='ltr'><strong>amoris</strong></span> <span class='ocrx_word' id='word_1_163' title='bbox 1793 2854 1996 2915; x_wconf 83' lang='lat' dir='ltr'><strong>habet.</strong></span> 
     </span>
     <span class='ocr_line' id='line_1_27' title="bbox 626 2952 2400 3031; baseline -0.001 -16"><span class='ocrx_word' id='word_1_164' title='bbox 626 2952 859 3015; x_wconf 88' lang='lat' dir='ltr'><strong>Omnes</strong></span> <span class='ocrx_word' id='word_1_165' title='bbox 898 2953 1271 3014; x_wconf 90' lang='lat' dir='ltr'><strong>conueniunt</strong></span> <span class='ocrx_word' id='word_1_166' title='bbox 1312 2954 1563 3015; x_wconf 84' lang='lat' dir='ltr'><strong>iuuenes</strong></span> <span class='ocrx_word' id='word_1_167' title='bbox 1604 2971 1726 3031; x_wconf 88' lang='lat' dir='ltr'><strong>que</strong></span> <span class='ocrx_word' id='word_1_168' title='bbox 1766 2971 1960 3027; x_wconf 87' lang='lat' dir='ltr'><strong>senes,</strong></span> <span class='ocrx_word' id='word_1_169' title='bbox 2006 2961 2066 3015; x_wconf 89' lang='lat' dir='ltr'><strong>et</strong></span> <span class='ocrx_word' id='word_1_170' title='bbox 2107 2952 2172 3013; x_wconf 85' lang='lat' dir='ltr'><strong>in</strong></span> <span class='ocrx_word' id='word_1_171' title='bbox 2212 2968 2400 3014; x_wconf 80' lang='lat' dir='ltr'><strong>vnum</strong></span> 
     </span>
     <span class='ocr_line' id='line_1_28' title="bbox 548 3049 2032 3129; baseline -0.001 -16"><span class='ocrx_word' id='word_1_172' title='bbox 548 3049 949 3124; x_wconf 88' lang='lat' dir='ltr'><strong>Concurrunt,</strong></span> <span class='ocrx_word' id='word_1_173' title='bbox 993 3068 1114 3129; x_wconf 90' lang='lat' dir='ltr'><strong>que</strong></span> <span class='ocrx_word' id='word_1_174' title='bbox 1154 3068 1264 3111; x_wconf 82' lang='lat' dir='ltr'><strong>sua</strong></span> <span class='ocrx_word' id='word_1_175' title='bbox 1302 3050 1601 3112; x_wconf 85' lang='lat' dir='ltr'><strong>morsibus</strong></span> <span class='ocrx_word' id='word_1_176' title='bbox 1642 3069 1748 3112; x_wconf 87' lang='lat' dir='ltr'><strong>ora</strong></span> <span class='ocrx_word' id='word_1_177' title='bbox 1789 3060 2032 3129; x_wconf 88' lang='lat' dir='ltr'><strong>parant:</strong></span> 
     </span>
     <span class='ocr_line' id='line_1_29' title="bbox 549 3147 1936 3227; baseline 0.001 -19"><span class='ocrx_word' id='word_1_178' title='bbox 549 3149 781 3209; x_wconf 84' lang='lat' dir='ltr'><strong>Erectis</strong></span> <span class='ocrx_word' id='word_1_179' title='bbox 819 3149 1027 3211; x_wconf 65' lang='lat' dir='ltr'><strong>&lt;nudis</strong></span> <span class='ocrx_word' id='word_1_180' title='bbox 1064 3148 1414 3227; x_wconf 83' lang='lat' dir='ltr'><strong>gradiuntur</strong></span> <span class='ocrx_word' id='word_1_181' title='bbox 1454 3166 1620 3210; x_wconf 87' lang='lat' dir='ltr'><strong>more</strong></span> <span class='ocrx_word' id='word_1_182' title='bbox 1658 3147 1936 3227; x_wconf 84' lang='lat' dir='ltr'><strong>superbo,</strong></span> 
     </span>
     <span class='ocr_line' id='line_1_30' title="bbox 550 3246 2098 3327; baseline 0.001 -20"><span class='ocrx_word' id='word_1_183' title='bbox 550 3246 664 3308; x_wconf 84' lang='lat' dir='ltr'><strong>Est</strong></span> <span class='ocrx_word' id='word_1_184' title='bbox 704 3246 891 3307; x_wconf 88' lang='lat' dir='ltr'><strong>nichil</strong></span> <span class='ocrx_word' id='word_1_185' title='bbox 929 3247 1045 3309; x_wconf 90' lang='lat' dir='ltr'><strong>hiis</strong></span> <span class='ocrx_word' id='word_1_186' title='bbox 1086 3264 1300 3308; x_wconf 88' lang='lat' dir='ltr'><strong>sanum</strong></span> <span class='ocrx_word' id='word_1_187' title='bbox 1342 3248 1510 3325; x_wconf 92' lang='lat' dir='ltr'><strong>quod</strong></span> <span class='ocrx_word' id='word_1_188' title='bbox 1552 3248 1810 3309; x_wconf 85' lang='lat' dir='ltr'><strong>lacerare</strong></span> <span class='ocrx_word' id='word_1_189' title='bbox 1849 3257 2098 3327; x_wconf 88' lang='lat' dir='ltr'><strong>queunt.</strong></span> 
     </span>
     <span class='ocr_line' id='line_1_31' title="bbox 548 3344 1812 3422; baseline 0.001 -18"><span class='ocrx_word' id='word_1_190' title='bbox 548 3344 764 3422; x_wconf 89' lang='lat' dir='ltr'><strong>Aprini</strong></span> <span class='ocrx_word' id='word_1_191' title='bbox 804 3345 1014 3407; x_wconf 68' lang='lat' dir='ltr'><strong>dentes</strong></span> <span class='ocrx_word' id='word_1_192' title='bbox 1055 3344 1395 3406; x_wconf 77' lang='lat' dir='ltr'><strong>deformant</strong></span> <span class='ocrx_word' id='word_1_193' title='bbox 1434 3362 1539 3405; x_wconf 87' lang='lat' dir='ltr'><strong>ora</strong></span> <span class='ocrx_word' id='word_1_194' title='bbox 1578 3345 1812 3419; x_wconf 78' lang='lat' dir='ltr'><strong>canina,</strong></span> 
     </span>
     <span class='ocr_line' id='line_1_32' title="bbox 552 3442 2008 3521; baseline -0.001 -17"><span class='ocrx_word' id='word_1_195' title='bbox 552 3443 661 3504; x_wconf 89' lang='lat' dir='ltr'><strong>Est</strong></span> <span class='ocrx_word' id='word_1_196' title='bbox 701 3461 957 3521; x_wconf 87' lang='lat' dir='ltr'><strong>quorum</strong></span> <span class='ocrx_word' id='word_1_197' title='bbox 998 3462 1233 3504; x_wconf 86' lang='lat' dir='ltr'><strong>morsus</strong></span> <span class='ocrx_word' id='word_1_198' title='bbox 1273 3443 1517 3521; x_wconf 79' lang='lat' dir='ltr'><strong>pestifer</strong></span> <span class='ocrx_word' id='word_1_199' title='bbox 1554 3452 1738 3521; x_wconf 87' lang='lat' dir='ltr'><strong>atque</strong></span> <span class='ocrx_word' id='word_1_200' title='bbox 1775 3442 2008 3521; x_wconf 82' lang='lat' dir='ltr'><strong>grauis:</strong></span> 
     </span>
     <span class='ocr_line' id='line_1_33' title="bbox 550 3541 2227 3620; baseline -0.001 -19"><span class='ocrx_word' id='word_1_201' title='bbox 550 3542 799 3618; x_wconf 85' lang='lat' dir='ltr'><strong>Quanto</strong></span> <span class='ocrx_word' id='word_1_202' title='bbox 838 3542 973 3620; x_wconf 91' lang='lat' dir='ltr'><strong>plus</strong></span> <span class='ocrx_word' id='word_1_203' title='bbox 1013 3559 1180 3603; x_wconf 85' lang='lat' dir='ltr'><strong>escas</strong></span> <span class='ocrx_word' id='word_1_204' title='bbox 1221 3551 1468 3603; x_wconf 87' lang='lat' dir='ltr'><strong>sumunt</strong></span> <span class='ocrx_word' id='word_1_205' title='bbox 1506 3542 1707 3602; x_wconf 84' lang='lat' dir='ltr'><strong>minus</strong></span> <span class='ocrx_word' id='word_1_206' title='bbox 1748 3541 1833 3602; x_wconf 88' lang='lat' dir='ltr'><strong>hii</strong></span> <span class='ocrx_word' id='word_1_207' title='bbox 1875 3548 2227 3613; x_wconf 84' lang='lat' dir='ltr'><strong>saturantur,</strong></span> 
     </span>
     <span class='ocr_line' id='line_1_34' title="bbox 555 3640 2592 3717; baseline -0.001 -18"><span class='ocrx_word' id='word_1_208' title='bbox 555 3640 851 3700; x_wconf 85' lang='lat' dir='ltr'><strong>Insaciata</strong></span> <span class='ocrx_word' id='word_1_209' title='bbox 891 3640 1079 3703; x_wconf 59' lang='lat' dir='ltr'><strong>fama</strong></span> <span class='ocrx_word' id='word_1_210' title='bbox 1120 3658 1357 3717; x_wconf 87' lang='lat' dir='ltr'><strong>semper</strong></span> <span class='ocrx_word' id='word_1_211' title='bbox 1394 3640 1629 3701; x_wconf 88' lang='lat' dir='ltr'><strong>inheret</strong></span> <span class='ocrx_word' id='word_1_212' title='bbox 1670 3640 1776 3701; x_wconf 86' lang='lat' dir='ltr'><strong>eis.</strong></span> <span class='ocrx_word' id='word_1_213' title='bbox 2490 3660 2592 3712; x_wconf 81' lang='lat'><strong>420</strong></span> 
     </span>
     <span class='ocr_line' id='line_1_35' title="bbox 552 3735 2196 3815; baseline -0.001 -17"><span class='ocrx_word' id='word_1_214' title='bbox 552 3737 663 3798; x_wconf 89' lang='lat' dir='ltr'><strong>Hii</strong></span> <span class='ocrx_word' id='word_1_215' title='bbox 703 3737 925 3815; x_wconf 87' lang='lat' dir='ltr'><strong>quibus</strong></span> <span class='ocrx_word' id='word_1_216' title='bbox 964 3738 1026 3798; x_wconf 89' lang='lat' dir='ltr'><strong>in</strong></span> <span class='ocrx_word' id='word_1_217' title='bbox 1069 3748 1249 3799; x_wconf 91' lang='lat' dir='ltr'><strong>nocte</strong></span> <span class='ocrx_word' id='word_1_218' title='bbox 1289 3738 1467 3798; x_wconf 86' lang='lat' dir='ltr'><strong>solito</strong></span> <span class='ocrx_word' id='word_1_219' title='bbox 1508 3738 1685 3797; x_wconf 87' lang='lat' dir='ltr'><strong>fimus</strong></span> <span class='ocrx_word' id='word_1_220' title='bbox 1724 3736 1919 3798; x_wconf 84' lang='lat' dir='ltr'><strong>extitit</strong></span> <span class='ocrx_word' id='word_1_221' title='bbox 1957 3735 2196 3813; x_wconf 81' lang='lat' dir='ltr'><strong>hospes,</strong></span> 
     </span>
     <span class='ocr_line' id='line_1_36' title="bbox 554 3832 2018 3897; baseline -0.001 -2"><span class='ocrx_word' id='word_1_222' title='bbox 554 3832 846 3896; x_wconf 88' lang='lat' dir='ltr'><strong>Mollibus</strong></span> <span class='ocrx_word' id='word_1_223' title='bbox 887 3836 950 3895; x_wconf 90' lang='lat' dir='ltr'><strong>in</strong></span> <span class='ocrx_word' id='word_1_224' title='bbox 991 3836 1159 3897; x_wconf 86' lang='lat' dir='ltr'><strong>lectis</strong></span> <span class='ocrx_word' id='word_1_225' title='bbox 1197 3836 1439 3897; x_wconf 84' lang='lat' dir='ltr'><strong>sordida</strong></span> <span class='ocrx_word' id='word_1_226' title='bbox 1480 3833 1750 3896; x_wconf 85' lang='lat' dir='ltr'><strong>membra</strong></span> <span class='ocrx_word' id='word_1_227' title='bbox 1790 3835 2018 3895; x_wconf 83' lang='lat' dir='ltr'><strong>fouent.</strong></span> 
     </span>
     <span class='ocr_line' id='line_1_37' title="bbox 552 3928 2129 4012; baseline -0.001 -18"><span class='ocrx_word' id='word_1_228' title='bbox 552 3934 747 4011; x_wconf 83' lang='lat' dir='ltr'><strong>Copia</strong></span> <span class='ocrx_word' id='word_1_229' title='bbox 786 3942 953 3994; x_wconf 84' lang='lat' dir='ltr'><strong>tanta</strong></span> <span class='ocrx_word' id='word_1_230' title='bbox 992 3934 1120 4009; x_wconf 85' lang='lat' dir='ltr'><strong>fuit,</strong></span> <span class='ocrx_word' id='word_1_231' title='bbox 1165 3933 1333 4012; x_wconf 89' lang='lat' dir='ltr'><strong>quod</strong></span> <span class='ocrx_word' id='word_1_232' title='bbox 1374 3950 1581 3993; x_wconf 84' lang='lat' dir='ltr'><strong>eorum</strong></span> <span class='ocrx_word' id='word_1_233' title='bbox 1626 3933 1824 3992; x_wconf 90' lang='lat' dir='ltr'><strong>nullus</strong></span> <span class='ocrx_word' id='word_1_234' title='bbox 1865 3928 2129 3992; x_wconf 86' lang='lat' dir='ltr'><strong>habebat</strong></span> 
     </span>
     <span class='ocr_line' id='line_1_38' title="bbox 550 4030 2038 4109; baseline -0.002 -18"><span class='ocrx_word' id='word_1_235' title='bbox 550 4031 922 4109; x_wconf 62' lang='lat' dir='ltr'><strong>Respo-*ctum</strong></span> <span class='ocrx_word' id='word_1_236' title='bbox 960 4032 1181 4109; x_wconf 88' lang='lat' dir='ltr'><strong>proprii</strong></span> <span class='ocrx_word' id='word_1_237' title='bbox 1222 4030 1796 4109; x_wconf 88' lang='lat' dir='ltr'><strong>quomodocumque</strong></span> <span class='ocrx_word' id='word_1_238' title='bbox 1835 4037 2038 4089; x_wconf 84' lang='lat' dir='ltr'><strong>status.</strong></span> 
     </span>
     <span class='ocr_line' id='line_1_39' title="bbox 552 4125 2192 4207; baseline -0.001 -16"><span class='ocrx_word' id='word_1_239' title='bbox 552 4128 612 4191; x_wconf 92' lang='lat' dir='ltr'>O</span> <span class='ocrx_word' id='word_1_240' title='bbox 650 4138 798 4191; x_wconf 90' lang='lat' dir='ltr'><strong>tunc</strong></span> <span class='ocrx_word' id='word_1_241' title='bbox 838 4129 889 4189; x_wconf 85' lang='lat' dir='ltr'><strong>si</strong></span> <span class='ocrx_word' id='word_1_242' title='bbox 931 4128 1065 4207; x_wconf 88' lang='lat' dir='ltr'><strong>quis</strong></span> <span class='ocrx_word' id='word_1_243' title='bbox 1106 4148 1213 4190; x_wconf 89' lang='lat' dir='ltr'><strong>eos</strong></span> <span class='ocrx_word' id='word_1_244' title='bbox 1250 4128 1533 4202; x_wconf 85' lang='lat' dir='ltr'><strong>audisset,</strong></span> <span class='ocrx_word' id='word_1_245' title='bbox 1576 4125 1888 4205; x_wconf 88' lang='lat' dir='ltr'><strong>quomodo</strong></span> <span class='ocrx_word' id='word_1_246' title='bbox 1929 4126 2192 4189; x_wconf 86' lang='lat' dir='ltr'><strong>mundus</strong></span> 
     </span>
     <span class='ocr_line' id='line_1_40' title="bbox 552 4224 1918 4306; baseline 0 -22"><span class='ocrx_word' id='word_1_247' title='bbox 552 4226 825 4289; x_wconf 86' lang='lat' dir='ltr'><strong>Vocibus</strong></span> <span class='ocrx_word' id='word_1_248' title='bbox 865 4228 1156 4288; x_wconf 87' lang='lat' dir='ltr'><strong>attonitus</strong></span> <span class='ocrx_word' id='word_1_249' title='bbox 1197 4228 1297 4287; x_wconf 90' lang='lat' dir='ltr'><strong>hic</strong></span> <span class='ocrx_word' id='word_1_250' title='bbox 1338 4239 1398 4289; x_wconf 89' lang='lat' dir='ltr'><strong>et</strong></span> <span class='ocrx_word' id='word_1_251' title='bbox 1437 4225 1663 4306; x_wconf 82' lang='lat' dir='ltr'><strong>vbique</strong></span> <span class='ocrx_word' id='word_1_252' title='bbox 1704 4224 1918 4299; x_wconf 81' lang='lat' dir='ltr'><strong>fremit,</strong></span> 
     </span>
     <span class='ocr_line' id='line_1_41' title="bbox 551 4322 2096 4404; baseline -0.001 -18"><span class='ocrx_word' id='word_1_253' title='bbox 551 4326 773 4388; x_wconf 86' lang='lat' dir='ltr'><strong>Dicere</strong></span> <span class='ocrx_word' id='word_1_254' title='bbox 810 4334 959 4387; x_wconf 89' lang='lat' dir='ltr'><strong>tunc</strong></span> <span class='ocrx_word' id='word_1_255' title='bbox 998 4335 1204 4403; x_wconf 86' lang='lat' dir='ltr'><strong>posset</strong></span> <span class='ocrx_word' id='word_1_256' title='bbox 1243 4324 1466 4385; x_wconf 82' lang='lat' dir='ltr'><strong>similes</strong></span> <span class='ocrx_word' id='word_1_257' title='bbox 1506 4322 1673 4404; x_wconf 90' lang='lat' dir='ltr'><strong>quod</strong></span> <span class='ocrx_word' id='word_1_258' title='bbox 1712 4324 1800 4385; x_wconf 87' lang='lat' dir='ltr'><strong>eis</strong></span> <span class='ocrx_word' id='word_1_259' title='bbox 1839 4323 2096 4385; x_wconf 82' lang='lat' dir='ltr'><strong>vlulatus</strong></span> 
     </span>
    </p>
   </div>
   <div class='ocr_carea' id='block_1_4' title="bbox 553 4438 1748 4578">
    <p class='ocr_par' dir='ltr' id='par_1_4' title="bbox 553 4438 1748 4578">
     <span class='ocr_line' id='line_1_42' title="bbox 1242 4438 1748 4503; baseline 0.002 -15"><span class='ocrx_word' id='word_1_260' title='bbox 1242 4440 1343 4503; x_wconf 84' lang='lat'><strong>396</strong></span> <span class='ocrx_word' id='word_1_261' title='bbox 1377 4438 1685 4502; x_wconf 83' lang='lat' dir='ltr'><strong>Linquendo</strong></span> <span class='ocrx_word' id='word_1_262' title='bbox 1706 4438 1748 4488; x_wconf 89' lang='lat' dir='ltr'>S</span> 
     </span>
     <span class='ocr_line' id='line_1_43' title="bbox 553 4520 1530 4578; baseline 0.001 -24"><span class='ocrx_word' id='word_1_263' title='bbox 553 4520 621 4555; x_wconf 65' lang='grc' dir='ltr'>*ιιι</span> <span class='ocrx_word' id='word_1_264' title='bbox 1484 4534 1530 4578; x_wconf 75' lang='lat' dir='ltr'>D</span> 
     </span>
    </p>
   </div>
  </div>
 </body>
</html>
