3434 5142
541 3756 898 3825 Propheeia.

1535 350 1731 416 REX
1786 348 1999 415 CELI
2062 348 2311 415 DEUS
2364 366 2507 413 tre.

1086 513 1230 591 Quo
1269 510 1490 591 poteris
1529 530 1752 589 magno
1792 528 2044 588 magnus
2085 510 2315 570 honore
2355 507 2505 569 frui:

1083 610 1173 672 Sit
1212 608 1322 670 tibi
1361 608 1672 690 progenies
1711 607 1799 669 ita
1836 605 2229 684 multiplicata
2266 624 2373 685 per
2410 624 2625 679 euum,

1083 708 1271 785 Quod
1309 726 1499 785 genus
1537 705 1682 767 inde
1723 704 1891 785 pium
1931 705 2156 783 repleat
2194 722 2379 764 omne
2418 704 2653 763 solum:

1084 804 1394 885 Quicquid
1433 804 1496 865 in
1536 804 1683 866 orbe
1724 802 1872 864 boni
1911 801 2103 876 fuerit,
2146 800 2254 862 tibi
2297 820 2568 863 summus
2606 802 2689 863 ab
2728 802 2852 861 alto

1087 904 1416 977 Doneg-vt
1455 901 1518 961 in
1558 899 1727 961 terris
1766 918 1868 961 rex
1906 898 1971 959 in
2011 900 2243 960 honore
2281 917 2487 977 regas:

1086 1000 1288 1062 Omne
1327 999 1496 1078 quod
1535 1009 1627 1059 est
1666 1008 1839 1076 turpe
1878 1014 2137 1057 vacuum
2170 994 2461 1069 discedat,
2504 1004 2567 1056 et
2606 1013 2789 1055 omne

1087 1098 1198 1159 Est
1236 1097 1403 1175 quod
1444 1092 1843 1155 honorificum
1882 1094 1988 1155 det
2026 1094 2177 1154 deus
2216 1111 2349 1153 esse
2388 1103 2577 1153 tuum.

1087 1192 1423 1257 Consilium
1463 1192 1712 1266 nullum,
1758 1191 1856 1272 pie
1896 1210 2020 1268 rex,
2058 1201 2119 1252 te
2158 1202 2363 1270 tangat
2402 1190 2653 1269 iniqum‚

1089 1294 1164 1352 In
1205 1290 1424 1370 quibus
1465 1292 1771 1351 occultum
1812 1288 1925 1349 scit
1964 1290 2115 1349 deus
2156 1308 2286 1349 esse
2328 1290 2577 1351 dolum:

1084 1387 1263 1450 Absit
1302 1385 1575 1461 auat-leia,
1619 1406 1697 1447 ne
1739 1396 1943 1465 tangat
1981 1384 2142 1464 regia
2180 1386 2382 1459 corda,

1088 1487 1220 1546 Nec
1260 1496 1442 1564 queat
1481 1483 1546 1545 in
1585 1494 1742 1545 terra
1780 1482 2048 1563 proditor
2086 1502 2219 1545 esse
2260 1494 2397 1545 tm:

1086 1582 1186 1644 Sic
1225 1594 1332 1643 tua
1368 1600 1680 1662 processus
1722 1582 1941 1643 habeat
1980 1584 2219 1643 fortuna
2256 1580 2611 1660 perhennes,

1088 1684 1232 1758 Quo
1271 1682 1534 1741 recolant
1574 1680 1785 1741 laudes
1824 1682 2027 1741 secula
2064 1690 2285 1740 cuncta
2320 1690 2494 1754 ταας

1089 1781 1296 1858 Nuper
1335 1790 1399 1840 vt
1437 1777 1694 1857 Augusti
1734 1779 1969 1839 fuerant
2007 1776 2291 1857 preconia
2330 1779 2547 1851 Rome,

1087 1875 1386 1940 Concinat
1423 1874 1488 1936 in
1528 1873 1709 1954 gestis
1752 1873 1971 1954 Anglia
2008 1876 2131 1937 leta
2167 1873 2303 1935 tuis,

1089 1973 1147 2035 Ο
1187 1972 1313 2048 tibi,
1357 1992 1475 2048 rex,
1519 1992 1638 2035 euo
1676 1973 1870 2047 detur,
1912 1970 2247 2047 fortissime,
2292 1982 2503 2033 nostro

1045 2092 1048 2100 ·
1088 2072 1338 2149 Semper
1373 2072 1667 2133 honorata
1707 2082 1941 2149 sceptu
1978 2080 2185 2132 tenere
2226 2089 2447 2131 mnu:

1087 2169 1220 2230 Stes
1261 2168 1344 2229 ita
1383 2166 1817 2247 magnanimus,
1864 2168 2031 2246 quod
2071 2166 2173 2229 vbi
2214 2178 2319 2228 tua
2356 2186 2539 2246 regna
2575 2166 2891 2244 gubemaS,

1085 2266 1333 2328 Terreat
1371 2268 1480 2327 has
1519 2276 1718 2344 partes
1758 2263 1993 2327 hostica
2029 2267 2196 2326 nulla
2234 2284 2485 2325 manus:

1086 2366 1322 2443 Augeat
1361 2362 1690 2443 Impen‘um
1732 2362 1843 2424 tibi
1884 2360 2113 2425 Cristus
2154 2372 2216 2425 et
2254 2374 2473 2442 augeat
2508 2380 2719 2437 annm,

1088 2462 1366 2538 Protegat
1405 2470 1466 2522 et
1507 2470 1739 2520 nostras
1778 2469 1957 2521 aucta
1994 2478 2219 2521 corona
2256 2461 2448 2521 fores:

1089 2556 1178 2618 Sit
1217 2556 1328 2618 tibi
1367 2576 1484 2635 pax
1524 2556 1676 2629 finis,
1720 2556 1957 2618 domito
1994 2556 2325 2619 domineris
2362 2556 2425 2618 in
2466 2558 2631 2633 orbe,

1090 2655 1447 2731 Cunctaque
1487 2653 1605 2713 sint
1645 2652 1911 2713 humeris
1948 2653 2225 2716 inferiora
2266 2654 2420 2715 tuis:

1090 2750 1190 2812 Sic
1229 2752 1425 2811 honor
1463 2760 1525 2811 et
1565 2748 1765 2824 virtus
1809 2751 1955 2824 lane,
1998 2750 2202 2829 gloria,
2243 2770 2360 2831 pax
2400 2770 2521 2831 que
2559 2763 2824 2832 potestas

1089 2850 1182 2911 Te
1221 2867 1342 2928 que
1379 2859 1552 2909 tuum
1592 2866 1843 2927 regnum
1886 2848 2264 2927 magnificate
2304 2862 2543 2929 queant.

1171 2945 1388 3010 Cordis
1427 2966 1632 3008 amore
1671 2946 1800 3022 tibi,
1843 2946 1943 3027 pie
1984 2950 2133 3023 Rex,
2176 2968 2317 3009 meo,
2352 2960 2495 3011 vota
2530 2949 2761 3030 paraui,

1091 3047 1200 3106 Est
1239 3044 1344 3124 qui
1385 3043 1618 3107 seruicii
1659 3044 1745 3104 nil
1784 3044 1900 3106 nisi
1940 3047 2093 3107 velle
2134 3046 2318 3107 mihi:

1091 3144 1253 3222 Ergo
1291 3154 1394 3203 tue
1433 3142 1598 3204 laudi
1637 3162 1759 3222 que
1800 3154 1906 3205 tuo
1944 3145 2293 3222 genuflexus
2330 3144 2547 3206 honori

1088 3241 1291 3303 Verba
1331 3242 1468 3303 loco
1509 3240 1656 3302 doni
1697 3260 1925 3321 pauper
1964 3242 2247 3304 habenda
2286 3243 2411 3304 tuli.

1091 3340 1201 3399 Est
1240 3348 1444 3399 tamen
1483 3337 1600 3399 ista
1636 3338 1775 3414 mei,
1818 3339 1917 3418 pie
1956 3358 2075 3414 rex,
2118 3340 2427 3401 sentencia
2464 3338 2647 3415 verbi,

1093 3435 1244 3498 Fine
1282 3435 1371 3497 tui
1410 3436 1576 3515 regni
1617 3434 1738 3513 siut
1766 3424 1887 3497 §ibi
1926 3456 2109 3516 regna
2147 3438 2309 3517 poli!

1115 3742 1276 3905 H
1368 3744 1569 3824 aquile
1607 3746 1823 3825 pulluS,
1866 3766 1992 3825 quo
2034 3767 2344 3827 nunquam
2384 3748 2614 3828 gracior
2652 3751 2823 3824 Vnus,

1302 3882 1324 3904 .
1385 3844 1614 3907 Hostes
1655 3844 1961 3924 confregit,
2006 3864 2126 3924 que
2168 3846 2457 3908 tirannica
2496 3848 2653 3909 colla
2692 3847 2945 3926 subegit.

1092 3940 1177 4001 H.
1220 3940 1420 4019 aquile
1459 3940 1622 4020 cepit
1661 3944 1880 4016 oleum,
1924 3962 2049 4021 quo
2090 3962 2271 4023 regna
2310 3943 2551 4024 recepit,

1091 4036 1190 4098 Sic
1229 4036 1413 4099 veteri
1453 4037 1659 4101 iuncta
1697 4038 1883 4120 stipiti
1922 4060 2085 4102 noua
2124 4039 2301 4121 stirps
2340 4040 2495 4104 redit
2533 4054 2729 4103 vncta.

993 4264 1053 4313 5¹
1092 4248 1208 4313 tibi]
1229 4249 1354 4300 boni
1375 4250 1421 4300 Τ
1615 4266 1680 4313 5ο
1712 4254 1945 4317 Corpore
1968 4269 2083 4304 cum
2107 4256 2279 4320 nequii
2299 4255 2473 4307 set-uio
2496 4263 2673 4309 mente
2692 4255 2785 4307 tibi
2807 4256 2854 4307 Τ

985 4328 1328 4388 Fatorum.
1391 4344 1426 4379 ο
1449 4330 1579 4381 colla
1602 4330 1830 4382 cun-‘r
1893 4332 2029 4384 beu·
2048 4332 2089 4385 S

3088 920 3157 965 30

3068 1900 3142 1947 4ο
