<?xml version="1.0" encoding="UTF-8"?>
<!DOCTYPE html PUBLIC "-//W3C//DTD XHTML 1.0 Transitional//EN"
    "http://www.w3.org/TR/xhtml1/DTD/xhtml1-transitional.dtd">
<html xmlns="http://www.w3.org/1999/xhtml" xml:lang="en" lang="en">
 <head>
  <title>
</title>
<meta http-equiv="Content-Type" content="text/html;charset=utf-8" />
  <meta name='ocr-system' content='tesseract 3.04.00' />
  <meta name='ocr-capabilities' content='ocr_page ocr_carea ocr_par ocr_line ocrx_word'/>
</head>
<body>
  <div class='ocr_page' id='page_1' title='image "./completeworksjo01macagoog_0298.png"; bbox 0 0 3434 5142; ppageno 0'>
   <div class='ocr_carea' id='block_1_1' title="bbox 1524 429 2322 496">
    <p class='ocr_par' dir='ltr' id='par_1_1' title="bbox 1524 429 2322 496">
     <span class='ocr_line' id='line_1_1' title="bbox 1524 429 2322 496; baseline 0.003 -2"><span class='ocrx_word' id='word_1_1' title='bbox 1524 430 1724 495; x_wconf 88' lang='lat' dir='ltr'><strong>VOX</strong></span> <span class='ocrx_word' id='word_1_2' title='bbox 1781 429 2322 496; x_wconf 87' lang='lat' dir='ltr'>CLAMANTIS</span> 
     </span>
    </p>
   </div>
   <div class='ocr_carea' id='block_1_2' title="bbox 984 589 3028 960">
    <p class='ocr_par' dir='ltr' id='par_1_2' title="bbox 984 589 2537 665">
     <span class='ocr_line' id='line_1_2' title="bbox 984 589 2537 665; baseline 0.001 -15"><span class='ocrx_word' id='word_1_3' title='bbox 984 591 1151 650; x_wconf 85' lang='lat' dir='ltr'><strong>Sicut</strong></span> <span class='ocrx_word' id='word_1_4' title='bbox 1192 589 1379 651; x_wconf 85' lang='lat' dir='ltr'><strong>habes</strong></span> <span class='ocrx_word' id='word_1_5' title='bbox 1422 590 1613 650; x_wconf 85' lang='lat' dir='ltr'><strong>varios</strong></span> <span class='ocrx_word' id='word_1_6' title='bbox 1654 591 1789 650; x_wconf 89' lang='lat' dir='ltr'><strong>sine</strong></span> <span class='ocrx_word' id='word_1_7' title='bbox 1828 590 2056 650; x_wconf 86' lang='lat' dir='ltr'><strong>lumine</strong></span> <span class='ocrx_word' id='word_1_8' title='bbox 2097 591 2249 651; x_wconf 87' lang='lat' dir='ltr'><strong>scire</strong></span> <span class='ocrx_word' id='word_1_9' title='bbox 2289 590 2537 665; x_wconf 78' lang='lat' dir='ltr'><strong>coloreS,</strong></span> 
     </span>
    </p>

    <p class='ocr_par' dir='ltr' id='par_1_3' title="bbox 984 687 2272 748">
     <span class='ocr_line' id='line_1_3' title="bbox 984 687 2272 748; baseline 0 0"><span class='ocrx_word' id='word_1_10' title='bbox 984 687 1083 748; x_wconf 92' lang='lat' dir='ltr'><strong>Sic</strong></span> <span class='ocrx_word' id='word_1_11' title='bbox 1122 706 1293 748; x_wconf 83' lang='lat' dir='ltr'><strong>amor</strong></span> <span class='ocrx_word' id='word_1_12' title='bbox 1333 697 1393 748; x_wconf 86' lang='lat' dir='ltr'><strong>vt</strong></span> <span class='ocrx_word' id='word_1_13' title='bbox 1434 705 1613 747; x_wconf 87' lang='lat' dir='ltr'><strong>cecus</strong></span> <span class='ocrx_word' id='word_1_14' title='bbox 1655 688 1760 748; x_wconf 83' lang='lat' dir='ltr'><strong>dat</strong></span> <span class='ocrx_word' id='word_1_15' title='bbox 1801 706 1910 747; x_wconf 88' lang='lat' dir='ltr'><strong>sua</strong></span> <span class='ocrx_word' id='word_1_16' title='bbox 1951 688 2077 747; x_wconf 86' lang='lat' dir='ltr'><strong>iura</strong></span> <span class='ocrx_word' id='word_1_17' title='bbox 2117 687 2272 748; x_wconf 85' lang='lat' dir='ltr'><strong>viris.</strong></span> 
     </span>
    </p>

    <p class='ocr_par' dir='ltr' id='par_1_4' title="bbox 986 785 2697 863">
     <span class='ocr_line' id='line_1_4' title="bbox 986 785 2697 863; baseline 0.002 -19"><span class='ocrx_word' id='word_1_18' title='bbox 986 785 1168 845; x_wconf 89' lang='lat' dir='ltr'><strong>Nunc</strong></span> <span class='ocrx_word' id='word_1_19' title='bbox 1209 794 1411 846; x_wconf 88' lang='lat' dir='ltr'><strong>tamen</strong></span> <span class='ocrx_word' id='word_1_20' title='bbox 1454 786 1651 846; x_wconf 89' lang='lat' dir='ltr'><strong>omnis</strong></span> <span class='ocrx_word' id='word_1_21' title='bbox 1692 786 1749 845; x_wconf 89' lang='lat' dir='ltr'><strong>ei</strong></span> <span class='ocrx_word' id='word_1_22' title='bbox 1791 785 1965 845; x_wconf 87' lang='lat' dir='ltr'><strong>miles</strong></span> <span class='ocrx_word' id='word_1_23' title='bbox 2005 785 2176 863; x_wconf 89' lang='lat' dir='ltr'>quasi</span> <span class='ocrx_word' id='word_1_24' title='bbox 2219 785 2420 861; x_wconf 88' lang='lat' dir='ltr'><strong>seruit,</strong></span> <span class='ocrx_word' id='word_1_25' title='bbox 2465 797 2526 848; x_wconf 89' lang='lat' dir='ltr'><strong>et</strong></span> <span class='ocrx_word' id='word_1_26' title='bbox 2567 787 2697 847; x_wconf 87' lang='lat' dir='ltr'><strong>eius</strong></span> 
     </span>
    </p>

    <p class='ocr_par' dir='ltr' id='par_1_5' title="bbox 984 883 3028 960">
     <span class='ocr_line' id='line_1_5' title="bbox 984 883 3028 960; baseline 0 -17"><span class='ocrx_word' id='word_1_27' title='bbox 984 883 1086 944; x_wconf 90' lang='lat' dir='ltr'><strong>Ad</strong></span> <span class='ocrx_word' id='word_1_28' title='bbox 1125 894 1326 960; x_wconf 84' lang='lat' dir='ltr'><strong>portas</strong></span> <span class='ocrx_word' id='word_1_29' title='bbox 1367 893 1589 944; x_wconf 86' lang='lat' dir='ltr'><strong>sortem</strong></span> <span class='ocrx_word' id='word_1_30' title='bbox 1630 893 1862 960; x_wconf 70' lang='lat' dir='ltr'><strong>spectat</strong></span> <span class='ocrx_word' id='word_1_31' title='bbox 1901 883 2126 945; x_wconf 83' lang='lat' dir='ltr'><strong>habere</strong></span> <span class='ocrx_word' id='word_1_32' title='bbox 2167 901 2357 944; x_wconf 85' lang='lat' dir='ltr'><strong>suam.</strong></span> <span class='ocrx_word' id='word_1_33' title='bbox 2932 908 3028 958; x_wconf 59' lang='grc' dir='ltr'><strong>τεο</strong></span> 
     </span>
    </p>
   </div>
   <div class='ocr_carea' id='block_1_3' title="bbox 824 1133 3032 1291">
    <p class='ocr_par' dir='ltr' id='par_1_6' title="bbox 824 1133 3032 1291">
     <span class='ocr_line' id='line_1_6' title="bbox 892 1133 3030 1206; baseline 0 -16"><span class='ocrx_word' id='word_1_34' title='bbox 892 1133 1012 1190; x_wconf 81' lang='lat' dir='ltr'><strong>Hic</strong></span> <span class='ocrx_word' id='word_1_35' title='bbox 1044 1135 1321 1204; x_wconf 78' lang='lat' dir='ltr'><strong>loquitur</strong></span> <span class='ocrx_word' id='word_1_36' title='bbox 1356 1135 1433 1192; x_wconf 85' lang='lat' dir='ltr'><strong>de</strong></span> <span class='ocrx_word' id='word_1_37' title='bbox 1464 1136 1767 1192; x_wconf 77' lang='lat' dir='ltr'><strong>militibus</strong></span> <span class='ocrx_word' id='word_1_38' title='bbox 1789 1135 1937 1202; x_wconf 77' lang='lat' dir='ltr'><strong>ilus,</strong></span> <span class='ocrx_word' id='word_1_39' title='bbox 1961 1150 2222 1205; x_wconf 81' lang='lat' dir='ltr'><strong>quornm</strong></span> <span class='ocrx_word' id='word_1_40' title='bbox 2255 1149 2427 1192; x_wconf 66' lang='lat' dir='ltr'><strong>vnu-</strong></span> <span class='ocrx_word' id='word_1_41' title='bbox 2461 1138 2718 1206; x_wconf 80' lang='lat' dir='ltr'><strong>propter</strong></span> <span class='ocrx_word' id='word_1_42' title='bbox 2751 1135 3030 1190; x_wconf 76' lang='lat' dir='ltr'><strong>mulieris</strong></span> 
     </span>
     <span class='ocr_line' id='line_1_7' title="bbox 824 1222 3032 1291; baseline 0 -14"><span class='ocrx_word' id='word_1_43' title='bbox 824 1237 1123 1289; x_wconf 74' lang='lat' dir='ltr'><strong>amorem,</strong></span> <span class='ocrx_word' id='word_1_44' title='bbox 1147 1224 1313 1279; x_wconf 74' lang='lat' dir='ltr'><strong>alter</strong></span> <span class='ocrx_word' id='word_1_45' title='bbox 1345 1226 1606 1291; x_wconf 80' lang='lat' dir='ltr'><strong>propter</strong></span> <span class='ocrx_word' id='word_1_46' title='bbox 1628 1222 1886 1280; x_wconf 79' lang='lat' dir='ltr'><strong>inanem</strong></span> <span class='ocrx_word' id='word_1_47' title='bbox 1909 1224 2123 1279; x_wconf 81' lang='lat' dir='ltr'><strong>mundi</strong></span> <span class='ocrx_word' id='word_1_48' title='bbox 2146 1224 2405 1288; x_wconf 78' lang='lat' dir='ltr'><strong>famam,</strong></span> <span class='ocrx_word' id='word_1_49' title='bbox 2431 1237 2746 1277; x_wconf 74' lang='lat' dir='ltr'><strong>armorum</strong></span> <span class='ocrx_word' id='word_1_50' title='bbox 2773 1223 3032 1278; x_wconf 78' lang='lat' dir='ltr'><strong>labores</strong></span> 
     </span>
    </p>
   </div>
   <div class='ocr_carea' id='block_1_4' title="bbox 822 1309 3025 1468">
    <p class='ocr_par' dir='ltr' id='par_1_7' title="bbox 822 1309 3025 1468">
     <span class='ocr_line' id='line_1_8' title="bbox 824 1309 3025 1380; baseline 0.001 -15"><span class='ocrx_word' id='word_1_51' title='bbox 824 1314 1107 1374; x_wconf 75' lang='lat' dir='ltr'><strong>exercet3</strong></span> <span class='ocrx_word' id='word_1_52' title='bbox 1160 1311 1308 1366; x_wconf 68' lang='lat' dir='ltr'><strong>fini·</strong></span> <span class='ocrx_word' id='word_1_53' title='bbox 1355 1314 1573 1366; x_wconf 74' lang='lat' dir='ltr'><strong>tamen</strong></span> <span class='ocrx_word' id='word_1_54' title='bbox 1614 1311 1948 1380; x_wconf 67' lang='lat' dir='ltr'><strong>Vtriusque</strong></span> <span class='ocrx_word' id='word_1_55' title='bbox 1996 1312 2238 1380; x_wconf 70' lang='lat' dir='ltr'><strong>absque</strong></span> <span class='ocrx_word' id='word_1_56' title='bbox 2284 1309 2497 1365; x_wconf 79' lang='lat' dir='ltr'><strong>diuine</strong></span> <span class='ocrx_word' id='word_1_57' title='bbox 2543 1309 2752 1366; x_wconf 73' lang='lat' dir='ltr'><strong>laudis</strong></span> <span class='ocrx_word' id='word_1_58' title='bbox 2797 1310 3025 1367; x_wconf 75' lang='lat' dir='ltr'><strong>metito</strong></span> 
     </span>
     <span class='ocr_line' id='line_1_9' title="bbox 822 1400 1451 1468; baseline 0.005 -17"><span class='ocrx_word' id='word_1_59' title='bbox 822 1411 1065 1453; x_wconf 71' lang='lat' dir='ltr'><strong>vacuus</strong></span> <span class='ocrx_word' id='word_1_60' title='bbox 1088 1400 1451 1468; x_wconf 74' lang='lat' dir='ltr'><strong>pertransst.</strong></span> 
     </span>
    </p>
   </div>
   <div class='ocr_carea' id='block_1_5' title="bbox 665 1516 946 1594">
    <p class='ocr_par' dir='ltr' id='par_1_8' title="bbox 665 1516 946 1594">
     <span class='ocr_line' id='line_1_10' title="bbox 665 1516 946 1594; baseline 0.011 -17"><span class='ocrx_word' id='word_1_61' title='bbox 665 1516 860 1594; x_wconf 70' lang='lat' dir='ltr'><strong>Capu.</strong></span> <span class='ocrx_word' id='word_1_62' title='bbox 892 1539 946 1580; x_wconf 85' lang='lat' dir='ltr'><strong>v.</strong></span> 
     </span>
    </p>
   </div>
   <div class='ocr_carea' id='block_1_6' title="bbox 984 1521 3033 3072">
    <p class='ocr_par' dir='ltr' id='par_1_9' title="bbox 984 1521 3033 3072">
     <span class='ocr_line' id='line_1_11' title="bbox 1080 1521 2464 1598; baseline 0.001 -18"><span class='ocrx_word' id='word_1_63' title='bbox 1080 1521 1309 1581; x_wconf 87' lang='lat' dir='ltr'><strong>Milicie</strong></span> <span class='ocrx_word' id='word_1_64' title='bbox 1350 1539 1485 1598; x_wconf 88' lang='lat' dir='ltr'><strong>pars</strong></span> <span class='ocrx_word' id='word_1_65' title='bbox 1526 1539 1641 1580; x_wconf 83' lang='lat' dir='ltr'><strong>vna</strong></span> <span class='ocrx_word' id='word_1_66' title='bbox 1683 1521 1832 1598; x_wconf 90' lang='lat' dir='ltr'><strong>petit</strong></span> <span class='ocrx_word' id='word_1_67' title='bbox 1871 1521 2136 1582; x_wconf 88' lang='lat' dir='ltr'><strong>mulieris</strong></span> <span class='ocrx_word' id='word_1_68' title='bbox 2175 1539 2464 1594; x_wconf 84' lang='lat' dir='ltr'><strong>amorem,</strong></span> 
     </span>
     <span class='ocr_line' id='line_1_12' title="bbox 984 1617 2365 1696; baseline 0.003 -19"><span class='ocrx_word' id='word_1_69' title='bbox 984 1617 1187 1678; x_wconf 84' lang='lat' dir='ltr'><strong>Altera</strong></span> <span class='ocrx_word' id='word_1_70' title='bbox 1227 1620 1393 1696; x_wconf 91' lang='lat' dir='ltr'><strong>quod</strong></span> <span class='ocrx_word' id='word_1_71' title='bbox 1434 1620 1647 1680; x_wconf 88' lang='lat' dir='ltr'><strong>mundi</strong></span> <span class='ocrx_word' id='word_1_72' title='bbox 1688 1619 1818 1680; x_wconf 90' lang='lat' dir='ltr'><strong>laus</strong></span> <span class='ocrx_word' id='word_1_73' title='bbox 1859 1630 2033 1681; x_wconf 90' lang='lat' dir='ltr'><strong>sonet</strong></span> <span class='ocrx_word' id='word_1_74' title='bbox 2072 1621 2192 1680; x_wconf 84' lang='lat' dir='ltr'><strong>alta</strong></span> <span class='ocrx_word' id='word_1_75' title='bbox 2233 1618 2365 1681; x_wconf 86' lang='lat' dir='ltr'><strong>sibi.</strong></span> 
     </span>
     <span class='ocr_line' id='line_1_13' title="bbox 984 1716 2654 1796; baseline 0.001 -20"><span class='ocrx_word' id='word_1_76' title='bbox 984 1717 1165 1776; x_wconf 89' lang='lat' dir='ltr'>Miles</span> <span class='ocrx_word' id='word_1_77' title='bbox 1204 1716 1429 1794; x_wconf 83' lang='lat' dir='ltr'><strong>vbique</strong></span> <span class='ocrx_word' id='word_1_78' title='bbox 1469 1736 1699 1777; x_wconf 89' lang='lat' dir='ltr'><strong>nouum</strong></span> <span class='ocrx_word' id='word_1_79' title='bbox 1741 1719 1924 1794; x_wconf 86' lang='lat' dir='ltr'><strong>spirat</strong></span> <span class='ocrx_word' id='word_1_80' title='bbox 1968 1727 2342 1796; x_wconf 87' lang='lat' dir='ltr'><strong>temptatque</strong></span> <span class='ocrx_word' id='word_1_81' title='bbox 2381 1718 2654 1780; x_wconf 81' lang='lat' dir='ltr'><strong>fauorem</strong></span> 
     </span>
     <span class='ocr_line' id='line_1_14' title="bbox 986 1815 2251 1892; baseline 0.002 -19"><span class='ocrx_word' id='word_1_82' title='bbox 986 1815 1243 1874; x_wconf 89' lang='lat' dir='ltr'><strong>Munere</strong></span> <span class='ocrx_word' id='word_1_83' title='bbox 1282 1815 1511 1889; x_wconf 81' lang='lat' dir='ltr'><strong>lucrari,</strong></span> <span class='ocrx_word' id='word_1_84' title='bbox 1554 1816 1714 1875; x_wconf 86' lang='lat' dir='ltr'><strong>fama</strong></span> <span class='ocrx_word' id='word_1_85' title='bbox 1756 1815 1923 1892; x_wconf 89' lang='lat' dir='ltr'><strong>quod</strong></span> <span class='ocrx_word' id='word_1_86' title='bbox 1961 1826 2115 1876; x_wconf 86' lang='lat' dir='ltr'><strong>astet</strong></span> <span class='ocrx_word' id='word_1_87' title='bbox 2155 1816 2210 1876; x_wconf 91' lang='lat' dir='ltr'><strong>ei</strong></span> <span class='ocrx_word' id='word_1_88' title='bbox 2237 1839 2251 1876; x_wconf 73' lang='grc' dir='ltr'>ε</span> 
     </span>
     <span class='ocr_line' id='line_1_15' title="bbox 984 1911 2618 1990; baseline -0.001 -17"><span class='ocrx_word' id='word_1_89' title='bbox 984 1911 1109 1973; x_wconf 85' lang='lat' dir='ltr'><strong>Scit</strong></span> <span class='ocrx_word' id='word_1_90' title='bbox 1151 1921 1353 1972; x_wconf 88' lang='lat' dir='ltr'><strong>tamen</strong></span> <span class='ocrx_word' id='word_1_91' title='bbox 1394 1912 1538 1973; x_wconf 88' lang='lat' dir='ltr'><strong>inde</strong></span> <span class='ocrx_word' id='word_1_92' title='bbox 1577 1914 1746 1986; x_wconf 75' lang='lat' dir='ltr'><strong>deuS,</strong></span> <span class='ocrx_word' id='word_1_93' title='bbox 1791 1931 1915 1990; x_wconf 90' lang='lat' dir='ltr'><strong>quo</strong></span> <span class='ocrx_word' id='word_1_94' title='bbox 1955 1913 2083 1975; x_wconf 88' lang='lat' dir='ltr'><strong>iure</strong></span> <span class='ocrx_word' id='word_1_95' title='bbox 2124 1912 2290 1990; x_wconf 92' lang='lat' dir='ltr'><strong>cupit</strong></span> <span class='ocrx_word' id='word_1_96' title='bbox 2330 1913 2618 1986; x_wconf 80' lang='lat' dir='ltr'><strong>venerari,</strong></span> 
     </span>
     <span class='ocr_line' id='line_1_16' title="bbox 985 2010 2402 2072; baseline -0.002 0"><span class='ocrx_word' id='word_1_97' title='bbox 985 2010 1048 2072; x_wconf 89' lang='lat' dir='ltr'><strong>Si</strong></span> <span class='ocrx_word' id='word_1_98' title='bbox 1092 2010 1260 2071; x_wconf 89' lang='lat' dir='ltr'><strong>dabit</strong></span> <span class='ocrx_word' id='word_1_99' title='bbox 1300 2010 1419 2070; x_wconf 93' lang='lat' dir='ltr'><strong>hoc</strong></span> <span class='ocrx_word' id='word_1_100' title='bbox 1459 2011 1723 2070; x_wconf 88' lang='lat' dir='ltr'><strong>mundus</strong></span> <span class='ocrx_word' id='word_1_101' title='bbox 1765 2029 1872 2071; x_wconf 88' lang='lat' dir='ltr'><strong>seu</strong></span> <span class='ocrx_word' id='word_1_102' title='bbox 1914 2012 2176 2071; x_wconf 89' lang='lat' dir='ltr'><strong>mulieris</strong></span> <span class='ocrx_word' id='word_1_103' title='bbox 2216 2029 2402 2070; x_wconf 84' lang='lat' dir='ltr'><strong>amor.</strong></span> 
     </span>
     <span class='ocr_line' id='line_1_17' title="bbox 986 2107 2450 2187; baseline -0.001 -19"><span class='ocrx_word' id='word_1_104' title='bbox 986 2109 1047 2168; x_wconf 91' lang='lat' dir='ltr'><strong>Si</strong></span> <span class='ocrx_word' id='word_1_105' title='bbox 1090 2107 1331 2168; x_wconf 87' lang='lat' dir='ltr'><strong>laudem</strong></span> <span class='ocrx_word' id='word_1_106' title='bbox 1375 2108 1588 2168; x_wconf 90' lang='lat' dir='ltr'><strong>mundi</strong></span> <span class='ocrx_word' id='word_1_107' title='bbox 1614 2109 1833 2187; x_wconf 87' lang='lat' dir='ltr'><strong>cupiat,</strong></span> <span class='ocrx_word' id='word_1_108' title='bbox 1878 2118 2024 2169; x_wconf 99' lang='grc' dir='ltr'><strong>ωηο</strong></span> <span class='ocrx_word' id='word_1_109' title='bbox 2063 2109 2240 2185; x_wconf 85' lang='lat' dir='ltr'><strong>copia</strong></span> <span class='ocrx_word' id='word_1_110' title='bbox 2281 2107 2450 2170; x_wconf 84' lang='lat' dir='ltr'><strong>Ctesi</strong></span> 
     </span>
     <span class='ocr_line' id='line_1_18' title="bbox 987 2206 2306 2278; baseline 0 -14"><span class='ocrx_word' id='word_1_111' title='bbox 987 2206 1231 2278; x_wconf 83' lang='lat' dir='ltr'><strong>Defluit,</strong></span> <span class='ocrx_word' id='word_1_112' title='bbox 1274 2217 1338 2266; x_wconf 83' lang='lat' dir='ltr'><strong>vt</strong></span> <span class='ocrx_word' id='word_1_113' title='bbox 1378 2206 1555 2267; x_wconf 90' lang='lat' dir='ltr'><strong>donis</strong></span> <span class='ocrx_word' id='word_1_114' title='bbox 1596 2208 1726 2267; x_wconf 87' lang='lat' dir='ltr'><strong>laus</strong></span> <span class='ocrx_word' id='word_1_115' title='bbox 1767 2215 1942 2268; x_wconf 87' lang='lat' dir='ltr'><strong>sonet</strong></span> <span class='ocrx_word' id='word_1_116' title='bbox 1980 2207 2100 2266; x_wconf 82' lang='lat' dir='ltr'><strong>alta</strong></span> <span class='ocrx_word' id='word_1_117' title='bbox 2142 2207 2306 2266; x_wconf 88' lang='lat' dir='ltr'><strong>suis:</strong></span> 
     </span>
     <span class='ocr_line' id='line_1_19' title="bbox 985 2303 2762 2382; baseline -0.001 -19"><span class='ocrx_word' id='word_1_118' title='bbox 985 2304 1163 2363; x_wconf 87' lang='lat' dir='ltr'><strong>Tunc</strong></span> <span class='ocrx_word' id='word_1_119' title='bbox 1202 2321 1431 2378; x_wconf 85' lang='lat' dir='ltr'><strong>aurum,</strong></span> <span class='ocrx_word' id='word_1_120' title='bbox 1474 2316 1684 2378; x_wconf 69' lang='lat' dir='ltr'><strong>vestes,</strong></span> <span class='ocrx_word' id='word_1_121' title='bbox 1729 2323 1996 2382; x_wconf 82' lang='lat' dir='ltr'><strong>gemmas</strong></span> <span class='ocrx_word' id='word_1_122' title='bbox 2037 2313 2098 2364; x_wconf 90' lang='lat' dir='ltr'><strong>et</strong></span> <span class='ocrx_word' id='word_1_123' title='bbox 2137 2321 2328 2380; x_wconf 89' lang='lat' dir='ltr'><strong>equos</strong></span> <span class='ocrx_word' id='word_1_124' title='bbox 2369 2303 2540 2379; x_wconf 87' lang='lat' dir='ltr'><strong>quasi</strong></span> <span class='ocrx_word' id='word_1_125' title='bbox 2580 2320 2762 2380; x_wconf 83' lang='lat' dir='ltr'><strong>grana</strong></span> 
     </span>
     <span class='ocr_line' id='line_1_20' title="bbox 987 2400 3033 2478; baseline -0 -17"><span class='ocrx_word' id='word_1_126' title='bbox 987 2400 1271 2475; x_wconf 86' lang='lat' dir='ltr'><strong>Seminat,</strong></span> <span class='ocrx_word' id='word_1_127' title='bbox 1314 2412 1377 2462; x_wconf 83' lang='lat' dir='ltr'><strong>vt</strong></span> <span class='ocrx_word' id='word_1_128' title='bbox 1418 2402 1611 2462; x_wconf 83' lang='lat' dir='ltr'><strong>laudis</strong></span> <span class='ocrx_word' id='word_1_129' title='bbox 1652 2413 1880 2463; x_wconf 85' lang='lat' dir='ltr'><strong>crescat</strong></span> <span class='ocrx_word' id='word_1_130' title='bbox 1921 2403 1982 2462; x_wconf 87' lang='lat' dir='ltr'><strong>in</strong></span> <span class='ocrx_word' id='word_1_131' title='bbox 2024 2419 2166 2461; x_wconf 87' lang='lat' dir='ltr'><strong>aure</strong></span> <span class='ocrx_word' id='word_1_132' title='bbox 2207 2419 2392 2478; x_wconf 73' lang='lat' dir='ltr'><strong>seges·</strong></span> <span class='ocrx_word' id='word_1_133' title='bbox 2935 2411 3033 2462; x_wconf 79' lang='lat'><strong>260</strong></span> 
     </span>
     <span class='ocr_line' id='line_1_21' title="bbox 986 2501 2531 2579; baseline -0.001 -18"><span class='ocrx_word' id='word_1_134' title='bbox 986 2502 1089 2561; x_wconf 89' lang='lat' dir='ltr'><strong>Set</strong></span> <span class='ocrx_word' id='word_1_135' title='bbox 1130 2501 1245 2562; x_wconf 87' lang='lat' dir='ltr'>sibi</span> <span class='ocrx_word' id='word_1_136' title='bbox 1286 2502 1611 2564; x_wconf 84' lang='lat' dir='ltr'><strong>femineum</strong></span> <span class='ocrx_word' id='word_1_137' title='bbox 1653 2504 1703 2562; x_wconf 88' lang='lat' dir='ltr'><strong>si</strong></span> <span class='ocrx_word' id='word_1_138' title='bbox 1747 2503 1918 2563; x_wconf 88' lang='lat' dir='ltr'><strong>miles</strong></span> <span class='ocrx_word' id='word_1_139' title='bbox 1959 2503 2206 2579; x_wconf 83' lang='lat' dir='ltr'><strong>adoptet</strong></span> <span class='ocrx_word' id='word_1_140' title='bbox 2244 2519 2531 2574; x_wconf 87' lang='lat' dir='ltr'><strong>amorem,</strong></span> 
     </span>
     <span class='ocr_line' id='line_1_22' title="bbox 986 2599 2354 2677; baseline -0.001 -16"><span class='ocrx_word' id='word_1_141' title='bbox 986 2599 1197 2661; x_wconf 84' lang='lat' dir='ltr'><strong>carius</strong></span> <span class='ocrx_word' id='word_1_142' title='bbox 1239 2600 1404 2660; x_wconf 88' lang='lat' dir='ltr'><strong>hunc</strong></span> <span class='ocrx_word' id='word_1_143' title='bbox 1444 2600 1644 2676; x_wconf 87' lang='lat' dir='ltr'><strong>precio</strong></span> <span class='ocrx_word' id='word_1_144' title='bbox 1686 2611 1831 2661; x_wconf 89' lang='lat' dir='ltr'><strong>tunc</strong></span> <span class='ocrx_word' id='word_1_145' title='bbox 1873 2601 1996 2662; x_wconf 88' lang='lat' dir='ltr'><strong>luet</strong></span> <span class='ocrx_word' id='word_1_146' title='bbox 2037 2601 2165 2677; x_wconf 90' lang='lat' dir='ltr'><strong>ipse</strong></span> <span class='ocrx_word' id='word_1_147' title='bbox 2206 2618 2354 2660; x_wconf 87' lang='lat' dir='ltr'><strong>suo:</strong></span> 
     </span>
     <span class='ocr_line' id='line_1_23' title="bbox 986 2699 2554 2775; baseline 0 -17"><span class='ocrx_word' id='word_1_148' title='bbox 986 2700 1172 2775; x_wconf 88' lang='lat' dir='ltr'><strong>Quod</strong></span> <span class='ocrx_word' id='word_1_149' title='bbox 1212 2699 1325 2761; x_wconf 89' lang='lat' dir='ltr'><strong>sibi</strong></span> <span class='ocrx_word' id='word_1_150' title='bbox 1368 2710 1591 2774; x_wconf 77' lang='lat' dir='ltr'><strong>natura,</strong></span> <span class='ocrx_word' id='word_1_151' title='bbox 1638 2700 1752 2760; x_wconf 88' lang='lat' dir='ltr'><strong>sibi</strong></span> <span class='ocrx_word' id='word_1_152' title='bbox 1794 2701 1888 2761; x_wconf 84' lang='lat' dir='ltr'><strong>vel</strong></span> <span class='ocrx_word' id='word_1_153' title='bbox 1929 2701 2078 2761; x_wconf 88' lang='lat' dir='ltr'><strong>deus</strong></span> <span class='ocrx_word' id='word_1_154' title='bbox 2118 2700 2316 2760; x_wconf 87' lang='lat' dir='ltr'><strong>attulit</strong></span> <span class='ocrx_word' id='word_1_155' title='bbox 2357 2717 2554 2774; x_wconf 88' lang='lat' dir='ltr'><strong>omne,</strong></span> 
     </span>
     <span class='ocr_line' id='line_1_24' title="bbox 988 2796 2473 2873; baseline -0.001 -15"><span class='ocrx_word' id='word_1_156' title='bbox 988 2797 1241 2873; x_wconf 87' lang='lat' dir='ltr'><strong>Corpus,</strong></span> <span class='ocrx_word' id='word_1_157' title='bbox 1284 2816 1395 2872; x_wconf 88' lang='lat' dir='ltr'><strong>res,</strong></span> <span class='ocrx_word' id='word_1_158' title='bbox 1438 2799 1718 2872; x_wconf 86' lang='lat' dir='ltr'><strong>animam,</strong></span> <span class='ocrx_word' id='word_1_159' title='bbox 1762 2809 1854 2860; x_wconf 93' lang='lat' dir='ltr'><strong>tot</strong></span> <span class='ocrx_word' id='word_1_160' title='bbox 1893 2798 2064 2859; x_wconf 83' lang='lat' dir='ltr'><strong>dabit</strong></span> <span class='ocrx_word' id='word_1_161' title='bbox 2105 2798 2249 2858; x_wconf 89' lang='lat' dir='ltr'><strong>inde</strong></span> <span class='ocrx_word' id='word_1_162' title='bbox 2291 2796 2473 2858; x_wconf 82' lang='lat' dir='ltr'><strong>bona.</strong></span> 
     </span>
     <span class='ocr_line' id='line_1_25' title="bbox 990 2895 2497 2974; baseline 0 -18"><span class='ocrx_word' id='word_1_163' title='bbox 990 2895 1149 2956; x_wconf 88' lang='lat' dir='ltr'><strong>Cum</strong></span> <span class='ocrx_word' id='word_1_164' title='bbox 1188 2905 1391 2956; x_wconf 85' lang='lat' dir='ltr'><strong>tamen</strong></span> <span class='ocrx_word' id='word_1_165' title='bbox 1432 2896 1560 2974; x_wconf 88' lang='lat' dir='ltr'><strong>ipse</strong></span> <span class='ocrx_word' id='word_1_166' title='bbox 1599 2897 1691 2957; x_wconf 88' lang='lat' dir='ltr'><strong>sui</strong></span> <span class='ocrx_word' id='word_1_167' title='bbox 1735 2897 2046 2974; x_wconf 84' lang='lat' dir='ltr'><strong>perfecerit</strong></span> <span class='ocrx_word' id='word_1_168' title='bbox 2085 2907 2220 2956; x_wconf 83' lang='lat' dir='ltr'><strong>acta</strong></span> <span class='ocrx_word' id='word_1_169' title='bbox 2259 2895 2497 2969; x_wconf 77' lang='lat' dir='ltr'><strong>laboriS,</strong></span> 
     </span>
     <span class='ocr_line' id='line_1_26' title="bbox 990 2993 2431 3072; baseline 0.001 -21"><span class='ocrx_word' id='word_1_170' title='bbox 990 2993 1150 3052; x_wconf 84' lang='lat' dir='ltr'><strong>Laus</strong></span> <span class='ocrx_word' id='word_1_171' title='bbox 1190 3002 1251 3053; x_wconf 88' lang='lat' dir='ltr'><strong>et</strong></span> <span class='ocrx_word' id='word_1_172' title='bbox 1290 3004 1537 3071; x_wconf 87' lang='lat' dir='ltr'><strong>vtraque</strong></span> <span class='ocrx_word' id='word_1_173' title='bbox 1576 2995 1756 3054; x_wconf 87' lang='lat' dir='ltr'><strong>simul</strong></span> <span class='ocrx_word' id='word_1_174' title='bbox 1797 2995 2023 3072; x_wconf 83' lang='lat' dir='ltr'><strong>perfida</strong></span> <span class='ocrx_word' id='word_1_175' title='bbox 2064 2995 2228 3054; x_wconf 84' lang='lat' dir='ltr'><strong>fallat</strong></span> <span class='ocrx_word' id='word_1_176' title='bbox 2268 3011 2431 3067; x_wconf 88' lang='lat' dir='ltr'><strong>eum,</strong></span> 
     </span>
    </p>
   </div>
   <div class='ocr_carea' id='block_1_7' title="bbox 989 3090 2722 3360">
    <p class='ocr_par' dir='ltr' id='par_1_10' title="bbox 989 3090 2722 3360">
     <span class='ocr_line' id='line_1_27' title="bbox 990 3090 2678 3170; baseline -0.001 -19"><span class='ocrx_word' id='word_1_177' title='bbox 990 3090 1148 3151; x_wconf 88' lang='lat' dir='ltr'><strong>Cum</strong></span> <span class='ocrx_word' id='word_1_178' title='bbox 1190 3109 1304 3150; x_wconf 90' lang='lat' dir='ltr'><strong>nec</strong></span> <span class='ocrx_word' id='word_1_179' title='bbox 1344 3091 1503 3151; x_wconf 84' lang='lat' dir='ltr'>fama</span> <span class='ocrx_word' id='word_1_180' title='bbox 1542 3093 1762 3170; x_wconf 80' lang='lat' dir='ltr'><strong>loquax</strong></span> <span class='ocrx_word' id='word_1_181' title='bbox 1801 3093 2014 3154; x_wconf 87' lang='lat' dir='ltr'><strong>mundi</strong></span> <span class='ocrx_word' id='word_1_182' title='bbox 2056 3091 2328 3170; x_wconf 89' lang='lat' dir='ltr'><strong>peruenit</strong></span> <span class='ocrx_word' id='word_1_183' title='bbox 2366 3091 2446 3151; x_wconf 85' lang='lat' dir='ltr'><strong>ad</strong></span> <span class='ocrx_word' id='word_1_184' title='bbox 2487 3101 2678 3165; x_wconf 70' lang='lat' dir='ltr'><strong>aureS,</strong></span> 
     </span>
     <span class='ocr_line' id='line_1_28' title="bbox 991 3184 2467 3262; baseline -0.001 -16"><span class='ocrx_word' id='word_1_185' title='bbox 991 3186 1125 3246; x_wconf 83' lang='lat' dir='ltr'><strong>Nec</strong></span> <span class='ocrx_word' id='word_1_186' title='bbox 1164 3184 1278 3246; x_wconf 90' lang='lat' dir='ltr'><strong>sibi</strong></span> <span class='ocrx_word' id='word_1_187' title='bbox 1319 3197 1518 3246; x_wconf 82' lang='lat' dir='ltr'><strong>castus</strong></span> <span class='ocrx_word' id='word_1_188' title='bbox 1558 3206 1728 3247; x_wconf 89' lang='lat' dir='ltr'><strong>amor</strong></span> <span class='ocrx_word' id='word_1_189' title='bbox 1765 3187 1964 3249; x_wconf 87' lang='lat' dir='ltr'><strong>reddit</strong></span> <span class='ocrx_word' id='word_1_190' title='bbox 2003 3187 2224 3246; x_wconf 85' lang='lat' dir='ltr'><strong>amoris</strong></span> <span class='ocrx_word' id='word_1_191' title='bbox 2263 3203 2467 3262; x_wconf 88' lang='lat' dir='ltr'><strong>opem,</strong></span> 
     </span>
     <span class='ocr_line' id='line_1_29' title="bbox 989 3279 2722 3360; baseline 0.001 -23"><span class='ocrx_word' id='word_1_192' title='bbox 989 3280 1167 3340; x_wconf 85' lang='lat' dir='ltr'><strong>Tunc</strong></span> <span class='ocrx_word' id='word_1_193' title='bbox 1205 3280 1495 3356; x_wconf 88' lang='lat' dir='ltr'><strong>deceptus</strong></span> <span class='ocrx_word' id='word_1_194' title='bbox 1536 3281 1635 3353; x_wconf 85' lang='lat' dir='ltr'><strong>ait,</strong></span> <span class='ocrx_word' id='word_1_195' title='bbox 1682 3285 1698 3314; x_wconf 88' lang='lat'>‘</span> <span class='ocrx_word' id='word_1_196' title='bbox 1722 3281 1880 3356; x_wconf 86' lang='lat' dir='ltr'><strong>Heu,</strong></span> <span class='ocrx_word' id='word_1_197' title='bbox 1925 3299 2106 3360; x_wconf 87' lang='lat' dir='ltr'><strong>quam</strong></span> <span class='ocrx_word' id='word_1_198' title='bbox 2149 3279 2385 3340; x_wconf 82' lang='lat' dir='ltr'><strong>fortuna</strong></span> <span class='ocrx_word' id='word_1_199' title='bbox 2425 3279 2722 3339; x_wconf 83' lang='lat' dir='ltr'><strong>sinistratl</strong></span> 
     </span>
    </p>
   </div>
   <div class='ocr_carea' id='block_1_8' title="bbox 991 3367 3040 4338">
    <p class='ocr_par' dir='ltr' id='par_1_11' title="bbox 991 3367 3040 4338">
     <span class='ocr_line' id='line_1_30' title="bbox 993 3367 3040 3456; baseline 0 -19"><span class='ocrx_word' id='word_1_200' title='bbox 993 3376 1151 3437; x_wconf 88' lang='lat' dir='ltr'><strong>Cum</strong></span> <span class='ocrx_word' id='word_1_201' title='bbox 1193 3377 1362 3443; x_wconf 84' lang='lat' dir='ltr'><strong>labor</strong></span> <span class='ocrx_word' id='word_1_202' title='bbox 1401 3396 1438 3437; x_wconf 85' lang='lat' dir='ltr'><strong>a</strong></span> <span class='ocrx_word' id='word_1_203' title='bbox 1477 3378 1659 3456; x_wconf 72' lang='lat' dir='ltr'><strong>longo</strong></span> <span class='ocrx_word' id='word_1_204' title='bbox 1699 3389 1969 3456; x_wconf 87' lang='lat' dir='ltr'><strong>tempore</strong></span> <span class='ocrx_word' id='word_1_205' title='bbox 2009 3367 2212 3438; x_wconf 75' lang='lat' dir='ltr'><strong>oessus</strong></span> <span class='ocrx_word' id='word_1_206' title='bbox 2253 3376 2419 3436; x_wconf 86' lang='lat' dir='ltr'><strong>abit.’</strong></span> <span class='ocrx_word' id='word_1_207' title='bbox 2553 3447 2556 3452; x_wconf 21' lang='grc' dir='ltr'>Ι</span> <span class='ocrx_word' id='word_1_208' title='bbox 2937 3395 3040 3451; x_wconf 78' lang='lat'><strong>270</strong></span> 
     </span>
     <span class='ocr_line' id='line_1_31' title="bbox 991 3475 2598 3554; baseline 0.001 -21"><span class='ocrx_word' id='word_1_209' title='bbox 991 3475 1249 3536; x_wconf 88' lang='lat' dir='ltr'><strong>Tardius</strong></span> <span class='ocrx_word' id='word_1_210' title='bbox 1290 3475 1419 3552; x_wconf 86' lang='lat' dir='ltr'><strong>ipse</strong></span> <span class='ocrx_word' id='word_1_211' title='bbox 1458 3478 1637 3549; x_wconf 83' lang='lat' dir='ltr'><strong>venit,</strong></span> <span class='ocrx_word' id='word_1_212' title='bbox 1681 3477 1786 3554; x_wconf 90' lang='lat' dir='ltr'><strong>qui</strong></span> <span class='ocrx_word' id='word_1_213' title='bbox 1827 3479 1914 3536; x_wconf 87' lang='lat' dir='ltr'><strong>sic</strong></span> <span class='ocrx_word' id='word_1_214' title='bbox 1953 3475 2068 3536; x_wconf 85' lang='lat' dir='ltr'><strong>sibi</strong></span> <span class='ocrx_word' id='word_1_215' title='bbox 2111 3475 2338 3554; x_wconf 85' lang='lat' dir='ltr'><strong>plangit</strong></span> <span class='ocrx_word' id='word_1_216' title='bbox 2379 3475 2598 3551; x_wconf 87' lang='lat' dir='ltr'><strong>inepte,</strong></span> 
     </span>
     <span class='ocr_line' id='line_1_32' title="bbox 994 3571 2361 3651; baseline -0.002 -16"><span class='ocrx_word' id='word_1_217' title='bbox 994 3573 1152 3635; x_wconf 89' lang='lat' dir='ltr'><strong>Cum</strong></span> <span class='ocrx_word' id='word_1_218' title='bbox 1196 3574 1309 3634; x_wconf 91' lang='lat' dir='ltr'><strong>sibi</strong></span> <span class='ocrx_word' id='word_1_219' title='bbox 1352 3593 1477 3634; x_wconf 89' lang='lat' dir='ltr'><strong>non</strong></span> <span class='ocrx_word' id='word_1_220' title='bbox 1516 3571 1667 3636; x_wconf 82' lang='lat' dir='ltr'><strong>alius</strong></span> <span class='ocrx_word' id='word_1_221' title='bbox 1708 3593 1891 3636; x_wconf 88' lang='lat' dir='ltr'><strong>causa</strong></span> <span class='ocrx_word' id='word_1_222' title='bbox 1931 3575 2006 3635; x_wconf 91' lang='lat' dir='ltr'><strong>sit</strong></span> <span class='ocrx_word' id='word_1_223' title='bbox 2047 3574 2176 3651; x_wconf 91' lang='lat' dir='ltr'><strong>ipse</strong></span> <span class='ocrx_word' id='word_1_224' title='bbox 2217 3573 2361 3634; x_wconf 89' lang='lat' dir='ltr'><strong>doli.</strong></span> 
     </span>
     <span class='ocr_line' id='line_1_33' title="bbox 1076 3671 2676 3750; baseline -0.001 -19"><span class='ocrx_word' id='word_1_225' title='bbox 1076 3673 1214 3731; x_wconf 90' lang='lat' dir='ltr'><strong>Fert</strong></span> <span class='ocrx_word' id='word_1_226' title='bbox 1256 3673 1517 3732; x_wconf 86' lang='lat' dir='ltr'><strong>mundus</strong></span> <span class='ocrx_word' id='word_1_227' title='bbox 1556 3673 1775 3750; x_wconf 83' lang='lat' dir='ltr'><strong>grauia,</strong></span> <span class='ocrx_word' id='word_1_228' title='bbox 1821 3673 1932 3732; x_wconf 84' lang='lat' dir='ltr'><strong>fert</strong></span> <span class='ocrx_word' id='word_1_229' title='bbox 1974 3673 2196 3733; x_wconf 89' lang='lat' dir='ltr'><strong>femina</strong></span> <span class='ocrx_word' id='word_1_230' title='bbox 2236 3682 2329 3731; x_wconf 88' lang='lat' dir='ltr'><strong>set</strong></span> <span class='ocrx_word' id='word_1_231' title='bbox 2366 3671 2676 3749; x_wconf 83' lang='lat' dir='ltr'><strong>grauiora3</strong></span> 
     </span>
     <span class='ocr_line' id='line_1_34' title="bbox 1001 3768 2431 3844; baseline -0.001 -15"><span class='ocrx_word' id='word_1_232' title='bbox 1001 3768 1127 3829; x_wconf 90' lang='lat' dir='ltr'><strong>Hic</strong></span> <span class='ocrx_word' id='word_1_233' title='bbox 1168 3779 1389 3840; x_wconf 87' lang='lat' dir='ltr'><strong>mouet,</strong></span> <span class='ocrx_word' id='word_1_234' title='bbox 1434 3771 1535 3829; x_wconf 87' lang='lat' dir='ltr'><strong>illa</strong></span> <span class='ocrx_word' id='word_1_235' title='bbox 1575 3771 1707 3844; x_wconf 90' lang='lat' dir='ltr'><strong>ruit,</strong></span> <span class='ocrx_word' id='word_1_236' title='bbox 1753 3771 2041 3844; x_wconf 82' lang='lat' dir='ltr'><strong>hicferit,</strong></span> <span class='ocrx_word' id='word_1_237' title='bbox 2086 3770 2186 3830; x_wconf 81' lang='lat' dir='ltr'><strong>illa</strong></span> <span class='ocrx_word' id='word_1_238' title='bbox 2227 3779 2431 3829; x_wconf 89' lang='lat' dir='ltr'><strong>necat.</strong></span> 
     </span>
     <span class='ocr_line' id='line_1_35' title="bbox 995 3867 2470 3945; baseline 0 -17"><span class='ocrx_word' id='word_1_239' title='bbox 995 3867 1156 3928; x_wconf 87' lang='lat' dir='ltr'><strong>Cum</strong></span> <span class='ocrx_word' id='word_1_240' title='bbox 1196 3867 1408 3928; x_wconf 84' lang='lat' dir='ltr'><strong>vicisse</strong></span> <span class='ocrx_word' id='word_1_241' title='bbox 1449 3879 1617 3945; x_wconf 89' lang='lat' dir='ltr'><strong>putet</strong></span> <span class='ocrx_word' id='word_1_242' title='bbox 1658 3869 1830 3929; x_wconf 88' lang='lat' dir='ltr'><strong>miles</strong></span> <span class='ocrx_word' id='word_1_243' title='bbox 1873 3867 1986 3929; x_wconf 89' lang='lat' dir='ltr'><strong>sibi</strong></span> <span class='ocrx_word' id='word_1_244' title='bbox 2028 3870 2147 3928; x_wconf 84' lang='lat' dir='ltr'><strong>vim</strong></span> <span class='ocrx_word' id='word_1_245' title='bbox 2189 3867 2470 3942; x_wconf 87' lang='lat' dir='ltr'><strong>mulieris,</strong></span> 
     </span>
     <span class='ocr_line' id='line_1_36' title="bbox 998 3963 2330 4044; baseline 0 -20"><span class='ocrx_word' id='word_1_246' title='bbox 998 3965 1139 4025; x_wconf 90' lang='lat' dir='ltr'><strong>Hec</strong></span> <span class='ocrx_word' id='word_1_247' title='bbox 1181 3975 1241 4026; x_wconf 89' lang='lat' dir='ltr'><strong>et</strong></span> <span class='ocrx_word' id='word_1_248' title='bbox 1279 3984 1485 4026; x_wconf 86' lang='lat' dir='ltr'><strong>amore</strong></span> <span class='ocrx_word' id='word_1_249' title='bbox 1524 3967 1628 4044; x_wconf 90' lang='lat' dir='ltr'><strong>pio</strong></span> <span class='ocrx_word' id='word_1_250' title='bbox 1668 3976 1887 4026; x_wconf 85' lang='lat' dir='ltr'><strong>cuncta</strong></span> <span class='ocrx_word' id='word_1_251' title='bbox 1928 3967 2114 4044; x_wconf 74' lang='lat' dir='ltr'><strong>petita</strong></span> <span class='ocrx_word' id='word_1_252' title='bbox 2154 3963 2330 4040; x_wconf 82' lang='lat' dir='ltr'><strong>fauet,</strong></span> 
     </span>
     <span class='ocr_line' id='line_1_37' title="bbox 995 4062 2724 4142; baseline 0.002 -22"><span class='ocrx_word' id='word_1_253' title='bbox 995 4062 1273 4122; x_wconf 87' lang='lat' dir='ltr'><strong>Vincitur</strong></span> <span class='ocrx_word' id='word_1_254' title='bbox 1313 4063 1441 4140; x_wconf 88' lang='lat' dir='ltr'><strong>ipse</strong></span> <span class='ocrx_word' id='word_1_255' title='bbox 1482 4065 1669 4142; x_wconf 85' lang='lat' dir='ltr'><strong>magis</strong></span> <span class='ocrx_word' id='word_1_256' title='bbox 1708 4074 1857 4124; x_wconf 88' lang='lat' dir='ltr'><strong>tunc</strong></span> <span class='ocrx_word' id='word_1_257' title='bbox 1897 4065 2144 4142; x_wconf 82' lang='lat' dir='ltr'><strong>quando</strong></span> <span class='ocrx_word' id='word_1_258' title='bbox 2184 4065 2372 4142; x_wconf 83' lang='lat' dir='ltr'><strong>magis</strong></span> <span class='ocrx_word' id='word_1_259' title='bbox 2413 4079 2724 4142; x_wconf 83' lang='lat' dir='ltr'><strong>superesse</strong></span> 
     </span>
     <span class='ocr_line' id='line_1_38' title="bbox 1000 4157 2346 4235; baseline 0.001 -17"><span class='ocrx_word' id='word_1_260' title='bbox 1000 4157 1080 4218; x_wconf 88' lang='lat' dir='ltr'><strong>Se</strong></span> <span class='ocrx_word' id='word_1_261' title='bbox 1120 4169 1307 4235; x_wconf 83' lang='lat' dir='ltr'><strong>putat,</strong></span> <span class='ocrx_word' id='word_1_262' title='bbox 1352 4171 1413 4221; x_wconf 92' lang='lat' dir='ltr'><strong>et</strong></span> <span class='ocrx_word' id='word_1_263' title='bbox 1454 4162 1667 4222; x_wconf 89' lang='lat' dir='ltr'><strong>mulier</strong></span> <span class='ocrx_word' id='word_1_264' title='bbox 1707 4161 1864 4222; x_wconf 82' lang='lat' dir='ltr'><strong>victa</strong></span> <span class='ocrx_word' id='word_1_265' title='bbox 1906 4161 2152 4222; x_wconf 85' lang='lat' dir='ltr'><strong>revincit</strong></span> <span class='ocrx_word' id='word_1_266' title='bbox 2186 4179 2346 4221; x_wconf 88' lang='lat' dir='ltr'><strong>eum.</strong></span> 
     </span>
     <span class='ocr_line' id='line_1_39' title="bbox 998 4256 2486 4338; baseline 0.003 -22"><span class='ocrx_word' id='word_1_267' title='bbox 998 4257 1125 4316; x_wconf 91' lang='lat' dir='ltr'><strong>Aut</strong></span> <span class='ocrx_word' id='word_1_268' title='bbox 1164 4256 1356 4318; x_wconf 86' lang='lat' dir='ltr'><strong>eciam</strong></span> <span class='ocrx_word' id='word_1_269' title='bbox 1398 4259 1609 4320; x_wconf 87' lang='lat' dir='ltr'><strong>mundi</strong></span> <span class='ocrx_word' id='word_1_270' title='bbox 1652 4260 1874 4320; x_wconf 80' lang='lat' dir='ltr'><strong>famam</strong></span> <span class='ocrx_word' id='word_1_271' title='bbox 1915 4261 1966 4320; x_wconf 88' lang='lat' dir='ltr'><strong>si</strong></span> <span class='ocrx_word' id='word_1_272' title='bbox 2008 4260 2180 4320; x_wconf 86' lang='lat' dir='ltr'><strong>miles</strong></span> <span class='ocrx_word' id='word_1_273' title='bbox 2219 4259 2486 4338; x_wconf 78' lang='lat' dir='ltr'><strong>adoptet,</strong></span> 
     </span>
    </p>
   </div>
   <div class='ocr_carea' id='block_1_9' title="bbox 1727 4417 2160 4468">
    <p class='ocr_par' dir='ltr' id='par_1_12' title="bbox 1727 4417 2160 4468">
     <span class='ocr_line' id='line_1_40' title="bbox 1727 4417 2160 4468; baseline 0.002 -1"><span class='ocrx_word' id='word_1_274' title='bbox 1727 4418 1828 4467; x_wconf 69' lang='lat'><strong>26⁰</strong></span> <span class='ocrx_word' id='word_1_275' title='bbox 1861 4417 2046 4468; x_wconf 73' lang='lat' dir='ltr'><strong>Carnis</strong></span> <span class='ocrx_word' id='word_1_276' title='bbox 2069 4417 2160 4468; x_wconf 78' lang='grc' dir='ltr'><strong>ΕΙ.</strong></span> 
     </span>
    </p>
   </div>
   <div class='ocr_carea' id='block_1_10' title="bbox 3389 1075 3394 1740">
    <p class='ocr_par' dir='ltr' id='par_1_13' title="bbox 3389 1075 3394 1740">
     <span class='ocr_line' id='line_1_41' title="bbox 3389 1075 3394 1740; baseline 0 0"><span class='ocrx_word' id='word_1_277' title='bbox 3389 1075 3394 1740; x_wconf 95' lang='lat' dir='ltr'><strong> </strong></span> 
     </span>
    </p>
   </div>
  </div>
 </body>
</html>
