3434 5142
794 463 874 541 78
1495 462 1693 526 Vox
1753 462 2296 527 CLAMANTIS

957 623 1123 681 Dum
1164 621 1325 680 furor
1366 621 1631 696 incurrit,
1670 623 1928 681 currenti
1969 624 2121 684 cede
2161 623 2360 697 furori,

958 718 1248 778 Difficiles
1287 718 1485 778 aditus
1528 709 1788 795 impetus
1827 721 2026 779 omnis
2074 720 2256 781 habet
2277 741 2296 796 ;
2872 748 3004 799 2030

961 816 1189 876 Desine
1230 816 1455 890 luctari,
1498 818 1754 877 referant
1793 828 1896 877 tua
1938 816 2184 877 carbasa
2223 818 2404 893 venti,

956 914 1160 991 thue
1202 912 1412 975 iubent
1454 914 1668 975 fluctus
1710 916 1798 974 sic
1837 914 1950 975 tibi
1992 934 2192 976 remus
2231 926 2346 977 eat.

958 1011 1114 1071 Siue.
1139 1012 1239 1072 die
1279 1012 1506 1073 laxatur
1547 1012 1768 1073 humus
1809 1031 1918 1073 seu
1959 1013 2168 1091 frigida
2208 1015 2413 1075 lucent

958 1109 1181 1180 Sidera,
1224 1110 1549 1186 prospicias
1591 1129 1711 1187 que
1751 1111 1902 1171 freta
1941 1122 2154 1171 ventus
2193 1112 2352 1189 agit:

959 1208 1262 1284 Tempora
1302 1209 1457 1268 sicut
1495 1219 1669 1269 erunt
1710 1210 1798 1269 sic
1841 1220 1900 1269 te
1941 1210 2350 1287 circumspice,
2393 1212 2576 1287 nulla,

961 1306 1093 1365 Sint
1132 1306 1247 1366 nisi
1289 1325 1393 1383 pre
1434 1306 1730 1380 manibus,
1775 1307 1976 1367 secula
2015 1308 2141 1367 visa
2181 1326 2366 1384 (Ἆρες

962 1404 1146 1465 Ludit
1188 1405 1251 1463 in
1292 1405 1571 1465 humanis
1612 1405 1822 1465 diuina
1859 1407 2142 1481 potencia
2183 1405 2382 1480 rebu3‚

962 1503 1041 1561 Et
1081 1512 1302 1563 certam
1345 1519 1590 1579 presens
1632 1502 1728 1561 vix
1769 1500 1953 1563 habet
1993 1503 2141 1563 hora
2181 1503 2386 1564 fidem.
2483 1570 2490 1575 ,

961 1600 1209 1675 Semper
1247 1616 1387 1677 agas
1429 1600 1691 1673 timidae,
1737 1611 1796 1660 et
1837 1618 1958 1677 que
1995 1600 2107 1661 tibi
2147 1602 2268 1661 leta
2309 1598 2604 1677 videntur,

964 1700 1128 1758 Dum
1171 1698 1431 1773 loqueris
1473 1698 1599 1757 fieri
1639 1699 1828 1758 tristia
1867 1716 2048 1775 posse
2085 1708 2298 1776 putes:
2873 1724 3004 1775 2040

964 1794 1086 1869 Qui
1128 1794 1263 1855 silet
1302 1805 1395 1855 est
1432 1795 1655 1869 firmus,
1699 1796 1962 1873 loquitur
1999 1797 2106 1873 qui
2147 1798 2317 1873 plura
2355 1808 2620 1875 repente,

962 1891 1188 1952 Probra
1228 1892 1369 1952 satis
1414 1892 1537 1952 fieri
1580 1894 1842 1969 postulat
1885 1894 2014 1971 ipse
2053 1892 2190 1954 sibi.

965 1991 1117 2051 Ocia
1154 2008 1373 2067 corpus
1414 1990 1598 2064 alunt,
1642 2008 1859 2068 corpus
1901 2010 2145 2069 quoque
2187 1992 2448 2069 pascitur
2489 1992 2618 2067 illis,

966 2090 1384 2167 Excessusque
1422 2090 1509 2149 tui
1552 2089 1818 2166 dampna
1859 2088 2078 2150 laboris
2121 2088 2383 2152 habent:

961 2187 1203 2248 Gaudet
1242 2187 1323 2247 de
1362 2188 1605 2247 modico
1646 2199 1873 2261 natura,
1917 2198 2008 2249 set
2049 2189 2196 2249 illud
2238 2188 2597 2250 habundans

963 2285 1149 2361 Quod
1192 2285 1369 2345 nimis
1410 2296 1500 2345 est
1539 2285 1848 2346 hominem
1889 2304 2127 2364 semper
2165 2304 2340 2363 egere
2379 2288 2556 2349 facit:

961 2384 1055 2444 Te
1093 2392 1297 2443 tamen
1334 2384 1657 2457 admoneo,
1700 2382 1810 2444 tibi
1851 2402 1992 2444 cum
2033 2384 2180 2445 dent
2219 2385 2354 2445 ocia
2392 2395 2648 2461 tempus,

964 2480 1271 2558 Quicquid
1313 2480 1375 2539 in
1417 2481 1534 2539 hoc
1573 2498 1834 2558 sompno
1875 2482 2034 2542 visus
2075 2492 2136 2542 et
2174 2482 2332 2543 auris
2371 2480 2615 2555 habent,

964 2576 1232 2639 Scribere
1272 2578 1533 2651 festines,
1578 2595 1717 2637 nam
1761 2579 2038 2655 sompnia
2075 2596 2220 2656 sepe
2257 2579 2524 2639 futurum

964 2676 1267 2736 Indicium
1308 2676 1603 2737 reddunt?
1684 2676 1870 2737 Vocis
1909 2686 1973 2737 et
2011 2695 2156 2737 ecce
2193 2694 2382 2737 sonus
2871 2700 3008 2751 2050

959 2774 1236 2851 Amplius
1277 2774 1392 2834 hiis
1430 2773 1608 2835 dictis
1646 2792 1774 2834 non
1815 2785 1908 2835 est
1947 2775 2204 2849 auditus,
2250 2784 2312 2835 et
2351 2775 2456 2835 illo

958 2872 1227 2950 Contigit
1268 2882 1331 2933 vt
1369 2874 1558 2950 gallus
1599 2882 1872 2949 tempore
1911 2890 2080 2933 more
2119 2890 2231 2933 suo

958 2968 1141 3030 Lucis
1182 2970 1245 3029 in
1283 2986 1495 3030 aurora
1534 2979 1782 3029 oentum
1821 2970 2008 3045 dedit,
2052 2970 2214 3031 vnde
2252 2980 2485 3031 remoto

960 3068 1267 3147 Euigilans
1308 3086 1565 3145 sompno
1606 3068 1693 3128 sic
1733 3069 2102 3145 stupefactus
2139 3086 2320 3143 eram,

958 3167 1077 3226 Vix
1115 3183 1230 3245 ego
1268 3167 1437 3243 quod
1477 3166 1646 3243 potui
1686 3184 2052 3243 cognoscere
2091 3166 2142 3227 si
2181 3167 2296 3226 suit
2335 3176 2498 3227 extra

958 3265 1195 3342 Corpus
1237 3264 1403 3341 quod
1443 3263 1583 3338 vidi,
1626 3282 1734 3323 seu
1777 3264 1944 3341 quod
1985 3262 2228 3324 abintus
2269 3273 2412 3323 erat.

960 3364 1021 3423 N
1023 3381 1141 3422 unc
1182 3362 1325 3441 quia
1364 3372 1454 3423 set
1494 3362 1674 3439 vigilo
1712 3362 1924 3422 viuens
1963 3372 2184 3423 terrore
2223 3371 2476 3435 remoto,

957 3460 1069 3521 Est
1108 3478 1246 3522 mea
1284 3478 1425 3520 cum
1466 3460 1720 3521 domino
1759 3476 1898 3537 spes
1939 3460 2126 3538 magis
2165 3470 2342 3519 aucta
2383 3476 2538 3519 meo.

864 3662 985 3716 Hic
1007 3662 1211 3717 reddit
1232 3662 1516 3731 vig-flans
1546 3661 1802 3729 gracias
1831 3661 1970 3727 deo,
1993 3660 2102 3730 qul
2125 3676 2266 3716 eun
2287 3662 2357 3717 in
2393 3661 2680 3730 sompnis
2705 3676 2747 3715 a
2772 3661 3000 3730 pelago

796 3750 1107 3805 liberauit.

600 3852 795 3929 Capm.
827 3851 939 3911 xxi.
1052 3849 1285 3911 Clarius
1324 3850 1621 3928 aspiciens
1660 3850 1852 3910 oculis
1891 3848 2274 3927 vigilantibus
2315 3846 2544 3924 orbem,

959 3948 1019 4007 N
1022 3948 1262 4025 ubeque
1302 3948 1553 4025 depulsa
1592 3948 1968 4008 convaluisse
2007 3948 2188 4021 diem,
2874 3954 3006 4006 2060

959 4046 1302 4123 Percipiens
1342 4047 1520 4108 furias
1562 4046 1745 4108 veteri
1787 4048 1866 4108 de
1905 4046 2036 4124 lege
2075 4064 2390 4124 repressas

960 4144 1041 4205 Et
1083 4162 1243 4204 noua
1283 4144 1450 4222 quod
1490 4146 1744 4205 fractum
1785 4146 1880 4205 lex
1919 4154 2250 4222 reparasset
2289 4143 2418 4217 iter,

962 4242 1293 4319 Illesosque
1334 4242 1455 4301 mei
1495 4260 1659 4302 nunc
1698 4242 1950 4320 palpans
1989 4243 2254 4319 corporis
2287 4252 2472 4315 arms,

961 4340 1251 4401 Exultans
1291 4340 1572 4401 humeros
1612 4341 1964 4401 sustinuisse
2003 4350 2202 4419 eaput,

962 4438 1169 4501 Creuit
1207 4437 1480 4499 amicicia
1518 4448 1689 4498 vetus
1731 4448 1792 4499 et
1833 4438 1984 4517 sugit
2023 4440 2282 4517 impetus
2323 4440 2422 4513 ire,
