3434 5142
801 486 919 548 114
1493 468 1690 533 vox
1750 468 2291 535 CLAMANTIS

1038 630 1181 689 Non
1222 630 1498 706 laqueare
1537 628 1701 689 venit
1740 628 1850 691 iter
1890 630 2223 689 humanum
2263 629 2399 707 pius
2439 630 2540 693 ille

960 725 1208 799 CristuS,
1254 736 1345 787 set
1386 727 1629 803 planam
1667 726 1868 804 dirigit
1908 727 2039 803 ipse
2079 727 2277 802 viam3

960 825 1091 885 Nos
1133 835 1334 885 tamen
1377 842 1450 885 ex
1490 826 1672 902 plano
1711 826 2135 903 componimus
2174 844 2405 903 aspera,
2450 826 2669 889 durum

957 922 1049 981 Ex
1091 919 1271 996 molli,
1316 940 1436 999 que
1477 923 1672 983 scelus
1711 941 1822 1000 pro
1862 924 2083 1000 pietate
2121 925 2353 985 damus,

957 1021 1084 1079 Lex
1124 1021 1347 1081 etenim
1390 1020 1568 1082 Cristi
1610 1021 1721 1081 suit
1761 1022 1876 1082 hec
1915 1039 2098 1098 quam
2138 1024 2335 1101 gracia
2374 1024 2618 1097 mulcet,

959 1117 1179 1177 Nostra
1219 1126 1311 1177 set
1351 1134 1424 1179 ex
1465 1118 1635 1194 penis
1675 1119 1775 1179 lex
1812 1120 2073 1196 positiua
2112 1120 2275 1196 riget.

959 1211 1090 1276 Lex
1132 1216 1311 1278 Cristi
1353 1217 1602 1294 simplex
1641 1217 1758 1277 sub
1799 1218 2003 1295 paucis
2044 1219 2289 1279 condita
2328 1218 2522 1280 verbis

955 1314 1285 1389 Clauditur,
1327 1315 1489 1376 vnde
1527 1316 1733 1394 iugum
1774 1334 1962 1377 suaue
2000 1317 2293 1377 ministrat
2326 1336 2523 1380 onus:

959 1410 1208 1472 Infinita
1249 1424 1450 1474 tamen
1490 1413 1636 1491 legis
1678 1412 1986 1475 sentencia
2028 1426 2227 1476 nostre

957 1511 1268 1588 Aggravat,
1315 1521 1376 1571 et
1417 1511 1598 1571 finem
1639 1513 1738 1570 vix
1778 1511 1961 1573 habet
2000 1512 2135 1590 ipsa
2174 1530 2371 1573 suum.
2914 1522 3011 1572 260

959 1608 1179 1669 Libera
1217 1610 1312 1669 lex
1353 1609 1530 1671 Cristi
1573 1612 1714 1670 satis
1754 1622 1868 1685 est,
1906 1611 1970 1671 fit
2010 1611 2263 1689 legeque
2302 1620 2504 1671 nostra

956 1706 1212 1783 Absque
1251 1708 1416 1768 lucro
1459 1708 1638 1785 gratis
1676 1710 1873 1786 gracia
1914 1710 2077 1769 nulla
2116 1710 2275 1770 viris.

958 1805 1162 1866 Omne
1202 1806 1269 1866 fit
1311 1825 1383 1866 ex
1423 1825 1602 1866 causa
1621 1827 1638 1882 3
1693 1808 1781 1867 sic
1822 1819 1913 1868 est
1954 1808 2121 1885 quod
2160 1808 2257 1869 lex
2296 1806 2571 1884 posinna,

961 1905 1164 1980 Quam
1205 1905 1418 1965 fundat
1456 1906 1666 1979 cleruS,
1709 1905 1936 1983 grande
1976 1906 2186 1984 figurat
2226 1924 2395 1982 opus.

960 2003 1035 2062 In
1079 2012 1309 2080 quanto
1349 2004 1622 2063 volucres
1661 2004 1813 2081 petit
1852 2022 2073 2082 auceps
2114 2022 2354 2081 carpere
2395 2004 2609 2081 plures,

957 2102 1103 2161 Vult
1144 2109 1313 2160 tanto
1354 2101 1600 2178 laqueos
1639 2100 2005 2178 amplificare
2044 2120 2187 2162 suos
2220 2125 2235 2164 ε

961 2199 1039 2258 In
1082 2209 1312 2276 quanto
1353 2199 1514 2277 leges
1554 2210 1733 2276 auget
1772 2198 1965 2260 clerus
2005 2199 2315 2277 positiuas,

959 2297 1055 2355 Fit
1097 2298 1286 2373 magis
1327 2296 1441 2356 hiis
1483 2297 1683 2356 stricta
1723 2298 1917 2373 gentis
1959 2297 2021 2356 in
2063 2295 2211 2357 orbe
2252 2298 2381 2357 via:

958 2395 1120 2456 Cum
1161 2396 1345 2471 magis
1387 2396 1447 2455 in
1491 2395 1694 2455 stricto
1733 2395 2053 2473 gradimur,
2096 2395 2281 2455 cicius
2320 2393 2479 2471 pede
2519 2394 2687 2471 lapso

957 2492 1304 2567 Sternimur,
1349 2502 1410 2553 et
1449 2493 1611 2554 clero
1654 2492 2110 2571 subpeditamur
2154 2511 2265 2553 eo:
2910 2512 3008 2569 270

959 2589 1118 2652 Cum
1159 2590 1274 2650 sibi
1317 2591 1450 2667 plus
1491 2592 1786 2653 mundum
1828 2600 2029 2652 teneat
2070 2590 2387 2667 clerusque
2426 2589 2761 2664 subactum,

960 2690 1122 2749 Tum
1165 2690 1353 2766 magis
1393 2690 1644 2749 ecclesia
1683 2699 1876 2767 gestat
1917 2690 1979 2749 in
2020 2688 2169 2750 orbe
2210 2690 2440 2749 lucrat

961 2789 1124 2849 Dum
1170 2788 1357 2866 magis
1398 2796 1489 2847 est
1529 2787 1723 2847 clerus
1764 2788 1957 2863 diues,
1998 2787 2185 2864 magis
2230 2786 2372 2846 inde
2413 2782 2705 2862 superbus

959 2887 1150 2959 Astat,
1196 2894 1257 2945 et
1297 2902 1372 2944 ex
1413 2885 1565 2945 velle
1604 2886 1710 2945 dat
1752 2903 1861 2945 sua
1900 2886 2029 2945 iura
2071 2885 2215 2945 fore.

960 2982 1064 3042 Sol
1105 2991 1273 3042 notat
1315 2984 1645 3057 ecclesiam,
1692 2983 2051 3061 Sinagogam
2092 2984 2236 3042 luna
2278 2980 2504 3057 figurat,

961 3080 1064 3140 Set
1107 3080 1292 3140 modo
1333 3080 1614 3141 custodes
1655 3080 1769 3140 ista
1809 3098 1923 3141 nec
1966 3081 2065 3140 illa
2107 3080 2339 3141 ferunt:

961 3179 1113 3239 Sunt
1153 3179 1258 3255 qui
1303 3196 1416 3239 nec
1457 3179 1604 3256 legis
1645 3179 1859 3239 veteris
1900 3190 2179 3255 precepta
2220 3184 2539 3249 reseruant,

963 3276 1096 3337 Nec
1136 3294 1256 3354 que
1299 3275 1528 3339 Cristus
1571 3277 1657 3337 eis
1699 3276 1936 3337 addidit
1978 3277 2105 3354 ipse
2146 3293 2329 3335 noua.

964 3376 1173 3452 Nuper
1213 3385 1337 3435 erat
1378 3376 1582 3435 firmus
1623 3375 1821 3452 presul
1862 3375 1993 3435 sine
2034 3374 2282 3435 crimine
2322 3382 2581 3447 sanctus,

960 3475 1139 3535 Vtilis
1181 3475 1242 3533 in
1284 3474 1526 3551 popu10‚
1571 3471 1810 3551 dignior
1850 3482 1991 3533 ante
2031 3472 2215 3533 deum
2241 3492 2260 3547 3
2904 3478 3002 3528 280

963 3574 1066 3634 Set
1107 3572 1296 3633 modo
1337 3572 1386 3632 si
1429 3572 1726 3632 mundum
1769 3571 1987 3648 poterit
2026 3569 2426 3647 complectere
2468 3587 2713 3642 vanum,

959 3670 1072 3732 Est
1111 3670 1226 3731 sibi
1268 3671 1353 3729 nil
1393 3670 1598 3746 populi
1641 3670 1773 3730 laus
1813 3670 1907 3729 vel
1949 3666 2029 3728 ab
2070 3686 2175 3728 ore
2217 3666 2336 3727 dei.

870 3864 989 3920 Hie
1062 3863 1340 3933 loquitur
1409 3864 1489 3918 de
1565 3862 1830 3932 prelatis
1901 3861 2009 3930 qui
2082 3861 2253 3918 bona
2329 3858 2540 3915 mundi
2625 3856 3001 3927 temporalia

800 3951 1201 4022 possidentes
1236 3950 1596 4020 spiritualia
1630 3950 1950 4006 omittunt.

635 4060 832 4135 Capru.
860 4076 915 4117 v.
1047 4057 1186 4117 Hec
1225 4074 1341 4117 vox
1380 4056 1664 4132 angelica,
1709 4072 1831 4133 que
1871 4073 2063 4133 nuper
2101 4054 2165 4113 in
2206 4054 2412 4114 ethere
2453 4052 2718 4113 Romam

963 4154 1215 4227 Terruit,
1259 4171 1338 4213 en
1381 4164 1586 4214 nostro
1627 4154 1747 4213 iam
1790 4161 1954 4231 patet
1994 4152 2142 4213 orbe
2183 4170 2368 4212 nouo.

960 4254 1263 4328 Tempore
1305 4252 1591 4324 Siluestn',
1634 4252 1783 4312 dum
1826 4250 2259 4313 Constantinus
2300 4249 2501 4311 eidem

963 4350 1236 4413 Contulit
1277 4349 1527 4409 ecclesie
1567 4358 1758 4410 terrea
1798 4350 1961 4410 dona
2002 4366 2127 4422 sue,

1113 4464 1212 4527 258
1245 4462 1446 4527 iugum]
1467 4478 1618 4512 suum
1642 4461 1688 4512 C
1884 4476 1983 4526 273
2018 4462 2153 4513 Dum
2176 4462 2217 4513 S
2283 4461 2417 4513 Cum
2438 4460 2687 4511 ctum.
