3434 5142
825 425 950 484 292

1524 403 1724 469 VOX
1780 402 2324 469 CLAMANTIS

991 566 1142 625 Sunt
1185 564 1412 625 inmota
1452 564 1620 641 genis
1662 582 1852 642 osque
1894 564 2135 625 madere
2178 562 2403 641 nequit,
2934 585 3046 641 720

989 664 1190 740 Atque
1233 681 1338 739 per
1378 662 1621 723 interius
1663 680 1805 723 cum
1845 663 1997 723 duro
2038 662 2239 739 lingua
2280 662 2479 739 palato

989 761 1299 838 Congelat‚
1343 772 1404 820 et
1443 762 1684 838 pulsum
1724 778 1877 821 vena
1918 778 2162 821 mouere
2202 770 2393 837 negat,

990 860 1123 919 Nec
1165 858 1321 919 flecti
1362 859 1562 919 ceruix
1603 876 1718 919 nec
1760 857 2003 918 brachia
2045 859 2306 934 plectere
2346 858 2637 937 quicquid

988 957 1263 1030 Possunt,
1303 974 1421 1017 nec
1457 974 1670 1034 passus
1709 974 1817 1033 pes
1858 957 2015 1019 valet
2055 956 2140 1016 ire
2180 976 2322 1017 suos
2340 958 2369 1018 Ρ

1069 1054 1236 1130 Quid
1280 1054 1466 1115 modo
1506 1055 1830 1131 respondet
1870 1054 2056 1113 homo
2098 1064 2371 1113 mortuus
2415 1054 2515 1115 ille
2556 1052 2850 1131 superbus
2866 1055 2895 1115 Ρ

993 1152 1170 1213 Dicat
1211 1170 1373 1211 nunc
1414 1151 1561 1228 quid
1602 1151 1658 1211 ei
1699 1151 1884 1229 gloria
1926 1169 2079 1211 vana
2118 1149 2309 1213 dabit.

990 1249 1136 1309 Eius
1177 1250 1356 1323 enim,
1401 1266 1592 1325 nuper
1628 1247 1779 1309 alios
1820 1249 1925 1325 qui
1966 1245 2352 1325 despiciebat,

987 1345 1270 1424 Corporis
1309 1346 1566 1407 exanimi
1609 1346 1729 1405 iam
1769 1347 1920 1424 perit
1959 1344 2158 1407 omnis
2202 1345 2433 1407 honor:

988 1443 1068 1502 Et
1110 1444 1250 1520 quia
1291 1461 1357 1504 se
1396 1461 1610 1520 corpus
1654 1441 1885 1503 dudum
1928 1442 2175 1503 tollebat
2215 1444 2279 1503 in
2318 1443 2521 1515 altum,

985 1540 1306 1600 Vermibus
1347 1558 1485 1603 esca
1527 1540 1713 1601 modo
1754 1539 2030 1599 subditur
2071 1540 2199 1616 ipsa
2238 1556 2398 1601 caro,
2936 1559 3045 1615 ‘1⁶30

989 1638 1132 1697 Non
1174 1638 1361 1699 modo
1399 1639 1686 1716 palpebra
1726 1639 1897 1715 quasi
1938 1638 2326 1715 dedignando
2368 1638 2614 1712 leuatur,

987 1736 1120 1797 Nec
1161 1754 1374 1798 manus
1415 1738 1478 1797 in
1519 1738 1766 1815 longum
1809 1737 2011 1813 planat
2052 1746 2367 1814 vtrumque
2408 1737 2597 1796 latus:

987 1835 1154 1911 Quas
1195 1836 1347 1896 vires
1390 1835 1599 1895 habuit
1639 1832 1907 1895 mortalis
1948 1835 2036 1893 vis
2078 1835 2391 1911 superauit,

987 1933 1097 1992 Est
1139 1952 1346 1993 musce
1387 1934 1559 2010 spina
1601 1934 1819 1994 forcior
1858 1951 2001 1993 ecce
2042 1952 2167 1997 sua.

986 2032 1049 2092 Si
1090 2033 1274 2094 decor
1313 2042 1417 2092 aut
1457 2034 1688 2111 species
1730 2050 1920 2109 nuper
1960 2031 2211 2091 florebat
2250 2032 2313 2091 in
2354 2032 2473 2103 illo,

984 2130 1132 2190 Eius
1173 2132 1428 2208 turpedo
1467 2132 1586 2191 iam
1627 2132 1793 2209 fugat
1832 2148 2016 2190 omne
2057 2148 2277 2206 pecus:

985 2226 1048 2287 Si
1090 2228 1279 2289 fuerat
1320 2229 1574 2306 sapienS,
1619 2230 1807 2290 modo
1847 2229 2044 2290 differt
2084 2248 2123 2288 a
2164 2228 2451 2306 sapiente,

985 2325 1096 2385 Est
1136 2324 1250 2385 sibi
1292 2327 1644 2385 conclusum
1686 2345 1810 2404 quo
1852 2325 2037 2386 nichil
2079 2326 2207 2403 ipse
2248 2326 2435 2402 sapit:

981 2423 1122 2498 Que
1162 2423 1350 2501 magis
1391 2424 1453 2481 in
1495 2424 1696 2483 studio
1739 2424 1920 2501 peciit
1961 2421 2202 2483 subtilia
2242 2423 2440 2501 longo,

983 2521 1154 2579 Mors
1195 2539 1267 2582 ea
1307 2522 1579 2581 dissoluit
1620 2521 1700 2581 de
1740 2519 2035 2582 breuitate
2074 2522 2213 2581 cito,
2936 2540 3041 2593 7⁴0

981 2617 1228 2677 Artibus
1269 2618 1333 2677 in
1374 2618 1548 2677 variis
1587 2616 1777 2678 fuerat
1818 2618 1957 2678 licet
1998 2618 2127 2695 ipse
2167 2618 2409 2696 peritus,

984 2715 1117 2776 Iam
1158 2715 1376 2776 cecidit
1417 2716 1680 2792 prudens
1722 2716 1863 2775 artis
1904 2714 1969 2775 in
2011 2725 2138 2776 arte
2178 2734 2324 2777 sua:

984 2814 1220 2874 Desinit
1261 2813 1484 2891 ingenii
1525 2812 1685 2873 racio
1726 2813 1857 2873 sine
1896 2813 2016 2873 iam
2058 2814 2320 2888 racione,

981 2912 1152 2971 Mors
1194 2910 1311 2971 ruit
1351 2911 1413 2971 in
1455 2929 1710 2970 vacuum
1753 2929 1872 2988 que
1913 2911 2167 2972 racionis
2205 2921 2409 2974 erant:

984 3009 1206 3068 Littera
1246 3027 1428 3086 quem
1471 3007 1677 3070 docuit
1718 3008 1907 3086 magis
1948 3018 2039 3069 est
2079 3010 2358 3069 indoctus
2398 3009 2599 3081 aselle,

980 3107 1231 3167 Pectore
1272 3125 1386 3167 nec
1425 3115 1697 3167 remanet
1738 3107 1859 3167 iota
1899 3108 1995 3168 vel
2035 3126 2189 3168 vnus
2228 3125 2395 3184 apex.

983 3204 1126 3265 Non
1169 3204 1285 3264 sibi
1325 3206 1602 3267 mentalis
1643 3206 2023 3283 presumpcio
2064 3204 2289 3266 iudicat
2328 3204 2495 3277 vllos,

981 3302 1060 3362 Se
1101 3321 1299 3379 neque
1341 3304 1557 3363 iactare
1599 3314 1833 3363 mortua
1874 3320 2055 3363 causa
2094 3304 2269 3364 sinit:

981 3400 1104 3475 Qui
1145 3401 1300 3461 solet
1339 3401 1593 3477 ypocrisi
1635 3402 1775 3461 ficte
1815 3401 2045 3461 virtutis
2088 3401 2377 3463 honorem

978 3499 1235 3570 Tollere,
1279 3517 1444 3559 nunc
1483 3508 1776 3560 monstrat
1816 3499 1965 3577 quid
2007 3500 2118 3559 fuit
2159 3500 2289 3576 ipse
2326 3500 2544 3577 palam.
2930 3516 3029 3573 750

979 3596 1085 3656 Nil
1125 3594 1238 3656 sibi
1279 3596 1446 3673 quod
1487 3614 1705 3673 genera
1746 3598 2079 3674 linguarum
2122 3608 2371 3658 nouerat
2410 3598 2555 3657 olim

976 3693 1243 3767 Confert,
1289 3694 1392 3771 qui
1435 3703 1605 3754 muto
1645 3704 1914 3754 mortuus
1956 3714 2059 3756 ore
2100 3690 2267 3759 silet:

976 3791 1216 3869 Organa
1257 3792 1421 3852 nulla
1461 3791 1576 3851 sibi
1617 3802 1764 3851 nota
1804 3794 1897 3853 vel
1938 3794 2277 3855 citharistea
2316 3794 2628 3870 plaudunt,

980 3889 1121 3965 Quo
1162 3890 1314 3966 perit
1355 3890 1611 3964 audituS,
1656 3890 1885 3951 musica
1926 3892 2091 3952 nulla
2132 3893 2341 3969 placet.

979 3987 1080 4046 Nil
1120 3989 1276 4047 valet
1319 3988 1608 4065 ingenuas
1648 4006 1867 4065 corpus
1908 3988 2167 4049 coluisse
2208 4008 2314 4067 per
2353 3998 2527 4063 arteS‚

979 4084 1101 4157 Qui
1144 4086 1331 4146 modo
1373 4095 1583 4147 nature
1625 4086 1885 4163 perdidit
1926 4106 2111 4148 omne
2151 4087 2371 4149 decus:

981 4181 1083 4240 Nil
1122 4183 1304 4243 vestis
1341 4202 1581 4260 pompa,
1627 4184 1813 4243 nichil
1853 4194 1958 4244 aut
1990 4203 2271 4245 ascensus
2312 4203 2625 4263 equorum,

979 4277 1212 4356 Corpus
1256 4280 1377 4341 iam
1417 4280 1674 4358 rigidum
1715 4280 2100 4359 magnificare
2138 4291 2385 4358 queunt.

1623 4410 1714 4459 721
1754 4395 2066 4459 per-interius
2090 4394 2227 4447 GLT
