3434 5142
772 429 896 506 364

1345 421 1407 494 Ο
1469 419 1718 489 DEUS
1779 418 2213 496 IMMENSE
2270 437 2413 484 Ere.

934 582 1066 643 Sint
1107 600 1215 642 sua
1255 581 1412 650 facta
1451 579 1630 653 bona,
1673 581 1969 640 recoletur
2007 587 2071 640 vt
2110 577 2255 640 inde
2294 597 2535 639 corona.

934 678 1126 758 Regia
1164 679 1488 758 precedant
1529 676 1843 738 benefacta
1882 696 2001 754 que
2041 675 2291 736 crimina
2328 679 2565 749 cedant,

935 777 1117 837 Viuat
1155 787 1218 837 vt
1257 787 1464 837 eterno
1505 775 1590 836 sic
1633 776 1767 836 Rex
1806 793 1947 836 cum
1990 776 2159 852 Rege
2198 794 2496 853 superno:

933 875 1186 952 Absque
1224 876 1344 935 deo
1383 893 1536 934 vana
1575 891 1716 934 cum
1758 871 1833 932 sit
1874 871 1983 931 tibi
2022 871 2329 932 cotidiana

936 974 1184 1050 Pompa,
1228 969 1570 1043 recorderiS,
1613 968 1745 1030 sin'e
1785 970 1965 1030 laude
2002 968 2105 1030 dei
2147 967 2431 1030 morieris·

937 1071 1070 1130 Rex
1109 1067 1224 1130 sibi
1265 1067 1370 1146 qui
1411 1069 1708 1128 mundum
1748 1067 1967 1146 prefert
2008 1065 2395 1144 Cristumque
2436 1035 2769 1128 secundum

936 1165 1204 1244 Linquit,
1243 1163 1556 1227 adherebit
1595 1164 1698 1226 vbi
1740 1163 1875 1226 finis
1916 1165 2095 1226 laude
2136 1163 2402 1226 carebit.
2916 1175 2990 1223 80

937 1263 1120 1342 Regis
1162 1262 1324 1325 enim
1365 1261 1487 1324 vita
1525 1282 1666 1324 cum
1683 1337 1692 1344 ·
1708 1261 1785 1322 sit
1825 1261 1955 1324 sine
1995 1263 2173 1324 laude
2214 1260 2425 1340 sopita,

937 1362 1180 1421 Nomen
1221 1371 1346 1430 erat
1387 1361 1580 1437 quale,
1625 1359 1796 1421 dabit
1836 1358 2045 1420 vltima
2084 1359 2325 1420 cronica
2364 1360 2500 1420 tale.

940 1460 1018 1518 Et
1058 1455 1145 1517 sic
1184 1458 1486 1518 concludo
1527 1455 1787 1518 breuiter
1826 1457 1905 1518 de
1946 1455 2210 1517 carmine
2252 1458 2435 1530 nud0,

937 1552 1168 1615 Ordine
1209 1573 1334 1632 quo
1373 1565 1623 1632 regnant
1664 1556 1880 1633 Reges,
1925 1573 2034 1615 sua
2073 1553 2321 1616 nomina
2360 1563 2666 1632 pregnant.

938 1654 1080 1728 Quo
1121 1663 1301 1730 caput
1341 1651 1661 1726 infirmum,
1705 1651 1891 1713 nichil
1930 1663 2023 1712 est
2062 1653 2142 1712 de
2182 1671 2431 1730 corpore
2472 1653 2727 1724 firmum,

938 1749 1118 1812 Plebs
1159 1769 1356 1827 neque
1397 1751 1679 1824 firmatur,
1724 1749 1827 1812 vbi
1867 1749 2049 1810 virtus
2090 1768 2215 1810 non
2256 1749 2614 1810 dominatur.

939 1849 1072 1909 Rex
1113 1846 1219 1926 qui
1259 1867 1528 1908 securam
1569 1846 1765 1909 laudis
1804 1848 1931 1909 vult
1972 1867 2211 1926 carpere
2250 1867 2480 1922 curam,

941 1945 1203 2006 Cristum
1245 1955 1560 2023 preponat,
1601 1947 1801 2023 Reges
1842 1943 1947 2022 qui
1986 1945 2165 2006 laude
2204 1954 2488 2006 coronat:

941 2044 1101 2102 Nam
1144 2041 1247 2120 qui
1287 2041 1577 2120 presumit
1617 2043 1696 2103 de
1738 2061 1818 2116 se,
1864 2061 2003 2102 cum
2046 2043 2180 2120 plus
2222 2040 2335 2102 sibi
2376 2040 2575 2115 sumit,

941 2139 1090 2200 Fine
1125 2159 1333 2200 carens
1375 2141 1553 2202 laude
1593 2151 1709 2202 stat
1750 2141 1910 2202 fama
1950 2141 2289 2218 retrograda
2328 2141 2540 2201 caude.
2920 2166 2994 2216 90

940 2236 1129 2299 Omni
1170 2236 1394 2298 viuenti
1435 2239 1598 2299 scola
1637 2237 1895 2317 pertinet
1933 2237 2048 2298 ista
2086 2237 2329 2316 regenti,

942 2334 1235 2414 Displicet
1276 2334 1376 2396 hic
1415 2334 1577 2414 genti
1618 2335 1725 2413 qui
1764 2354 1888 2396 non
1930 2338 2127 2415 placet
2166 2335 2591 2414 omnipotenti,
2850 2349 2885 2364 “

942 2432 1158 2493 Gracia
1197 2431 1482 2506 succedit,
1529 2430 1751 2494 meritis
1792 2430 1895 2493 vbi
1934 2434 2115 2511 culpa
2154 2432 2414 2494 recedit:

942 2529 1067 2606 Qui
1106 2529 1194 2591 sic
1232 2550 1356 2591 non
1397 2529 1603 2604 credit,
1647 2549 1756 2590 sua
1798 2533 1931 2592 Rex
1969 2529 2185 2608 regalia
2226 2529 2387 2593 ledit.

1023 2628 1082 2686 N
1087 2646 1169 2686 on
1211 2646 1284 2688 ex
1323 2626 1486 2687 fatali
1527 2647 1668 2689 casu
1711 2638 1802 2692 set
1842 2627 2107 2690 iudiciali

943 2725 1220 2787 Pondere
1261 2723 1438 2802 regali
1477 2733 1593 2786 stat
1635 2724 1935 2788 medicina
1974 2727 2132 2788 mali.

943 2822 1124 2884 Plebs
1165 2833 1228 2884 vt
1267 2821 1428 2886 ouile
1467 2821 1674 2904 gregiS,
1721 2843 1880 2885 mors
1920 2822 2179 2902 vitaque,
2221 2827 2423 2904 regula
2460 2825 2623 2905 legiS,

943 2920 1071 2982 Sub
1112 2919 1389 2982 manibus
1431 2920 1615 3000 Regis
1656 2932 1796 2984 sunt
1836 2941 1909 2981 ea
1950 2932 2175 3000 quanta
2214 2923 2375 3000 legiS.

942 3021 1140 3081 Tanta
1179 3018 1317 3082 licet
1357 3038 1581 3102 pronus
1620 3037 1731 3098 pro
1775 3029 2047 3096 tempore
2086 3022 2191 3081 det
2232 3019 2342 3082 tibi
2381 3021 2670 3096 thronus;

943 3115 1033 3177 Sit
1073 3115 1186 3175 nisi
1228 3117 1347 3180 fine
1388 3117 1600 3188 bonuS,
1645 3135 1772 3177 non
1812 3117 2007 3178 honor
2046 3128 2139 3179 est
2176 3129 2269 3178 set
2308 3138 2479 3180 onus.
2892 3144 2993 3182 roo

945 3216 1079 3276 Rex
1117 3213 1292 3291 igitur
1329 3213 1529 3275 videat
1567 3233 1708 3278 cum
1749 3233 1924 3275 curru
1965 3216 2275 3292 quomodo
2315 3217 2510 3292 vadat,

946 3313 1025 3373 Et
1066 3309 1180 3372 sibi
1220 3311 1548 3393 prouideat,
1593 3331 1670 3372 ne
1711 3323 1843 3374 rota
1882 3331 2052 3374 versa
2092 3314 2283 3376 cadat.

1026 3408 1309 3469 Celorum
1351 3408 1504 3486 Regi
1545 3419 1789 3487 pateant
1828 3427 1948 3490 que
1989 3408 2208 3489 scripta
2246 3410 2461 3491 peregi,

944 3506 1225 3587 Namque
1265 3525 1372 3570 sue
1411 3504 1526 3588 legi
1565 3525 1658 3570 res
1699 3505 1909 3588 nequit
1948 3508 2065 3571 vlla
2106 3506 2239 3590 tegi.
