3434 5142
1132 444 1419 511 LIBER
1481 447 1846 514 PRIMUS
2507 474 2588 533 29

539 603 769 666 Contra
808 604 937 665 iura
975 601 1153 665 bouis
1192 603 1306 665 bos
1346 606 1573 683 spernit
1614 606 1838 669 habere
1880 607 2230 687 bubulcum,

540 702 849 768 Ammodo
891 720 1005 763 nec
1044 702 1189 763 duci
1229 704 1309 764 de
1350 704 1620 766 nouitate
1660 706 1818 767 sinit.

541 799 937 861 Cornutando
964 800 1105 861 furit
1144 801 1327 863 hodie
1367 799 1481 862 bos
1520 803 1627 880 qui
1669 804 1780 866 fuit
1821 804 1949 865 heri

542 898 656 957 Per
694 915 883 957 cornu
924 898 1136 959 leuiter
1177 897 1395 959 ductus
1438 910 1499 960 vt
1539 919 1683 961 arua
1723 902 1917 963 colat:

544 995 665 1070 Qui
709 995 943 1056 fuerant
984 996 1198 1057 domiti
1238 1016 1445 1075 nuper,
1490 998 1679 1059 modo
1718 999 1914 1061 fronte
1941 999 2162 1061 minaci

541 1092 841 1154 Cornibus
882 1094 1053 1154 elatis
1096 1092 1303 1155 debita
1341 1096 1471 1155 iura
1511 1106 1770 1173 negant:

540 1192 816 1268 Amplius
854 1210 927 1252 ex
966 1203 1161 1253 aratro
1202 1211 1267 1253 se
1309 1193 1520 1254 dicunt
1562 1196 1724 1255 nolle
1765 1195 1966 1274 iugari,

541 1288 713 1349 Colla
754 1300 845 1350 set
884 1300 1083 1350 erecta
1124 1290 1311 1351 libera
1352 1292 1503 1353 serre
1542 1293 1788 1355 volunt:
2483 1320 2582 1367 250

539 1388 846 1448 Ammodo
888 1406 1013 1449 non
1054 1389 1385 1450 comedunt
1426 1390 1627 1467 paleas
1668 1408 1869 1468 neque
1909 1393 2192 1453 stramina
2231 1410 2452 1470 grossa,

541 1484 651 1545 Est
693 1482 793 1546 vbi
834 1496 925 1546 set
950 1504 1204 1563 granum
1244 1487 1325 1548 de
1365 1487 1613 1549 meliore
1652 1498 1886 1565 petunt.

540 1583 638 1643 Sic
677 1584 1123 1645 trani-»formatas
1161 1585 1383 1645 formas
1426 1595 1636 1645 natura
1676 1586 1931 1662 reliquit,

540 1680 621 1741 Et
658 1682 939 1742 monstris
981 1682 1205 1743 similes
1247 1683 1467 1744 fecerat
1508 1701 1639 1745 esse
1680 1682 1911 1759 boues3

538 1779 909 1857 Vrsinosque
949 1780 1137 1857 pedes
1178 1780 1403 1841 caudas
1444 1781 1789 1858 similesque
1829 1780 2162 1848 draconum

538 1877 809 1952 Gestant,
852 1896 975 1956 quo
1016 1880 1273 1955 pauidus
1314 1880 1511 1939 omnis
1550 1878 1832 1941 abhorret
1874 1898 2018 1943 eos:

540 1975 901 2051 Sulphureas
942 1976 1213 2037 flammas
1255 1978 1537 2038 emittunt
1577 1978 1695 2039 oris
1738 1976 1820 2037 ab
1859 1986 2050 2052 antro,

539 2072 723 2148 Quas,
766 2073 870 2133 vbi
910 2073 1177 2151 disperse
1218 2084 1375 2148 sunt,
1418 2093 1577 2153 aqua
1618 2075 1781 2136 nulla
1822 2075 2022 2151 fugat:

539 2170 627 2230 Sit
667 2169 817 2249 lapis
856 2182 963 2231 aut
1002 2172 1247 2249 lignum,
1293 2173 1465 2234 suerit
1506 2182 1597 2233 set
1638 2172 1930 2250 quicquid
1969 2172 2048 2234 ab
2091 2184 2224 2236 estu

538 2269 814 2343 Tactum,
856 2270 1275 2331 comminuens
1317 2271 1492 2348 ignea
1532 2271 1774 2331 flamma
1813 2281 2001 2331 vorat.
2484 2282 2582 2333 260

538 2366 679 2425 Hec
718 2379 989 2428 armenta
1028 2368 1236 2445 nequit
1274 2369 1489 2445 aliquis
1530 2368 1854 2429 defendere
1896 2378 2116 2446 pastor,

537 2465 704 2541 Quin
746 2466 933 2543 magis
974 2467 1038 2525 in
1080 2466 1413 2542 dampnum
1452 2465 1603 2525 ruris
1642 2476 1702 2527 et
1742 2464 1904 2527 vrbis
1943 2476 2148 2543 agunt.

619 2564 695 2623 In
737 2563 1001 2625 Colchos
1041 2562 1251 2639 thauri,
1295 2582 1449 2641 quos
1490 2564 1629 2623 vicit
1671 2563 1878 2624 dextra
1921 2565 2176 2640 Iasonis,

537 2661 683 2722 Non
724 2660 807 2721 ita
846 2662 1180 2738 sulphureis
1221 2662 1458 2739 ignibus
1499 2678 1603 2721 ora
1643 2661 1924 2734 fremunt,

536 2757 703 2833 Quin
744 2760 931 2835 magis
973 2760 1110 2836 igne
1153 2759 1341 2821 boues
1382 2760 1480 2819 isti
1517 2758 1880 2835 crepitancia
1917 2767 2079 2821 tecta

536 2855 899 2930 Incendunt,
942 2874 1063 2934 que
1102 2858 1225 2917 suis
1267 2854 1504 2917 flatibus
1546 2857 1646 2915 illa
1686 2867 1969 2917 cremant.

534 2952 679 3013 Non
722 2952 927 3014 Minos
967 2963 1189 3029 taurus,
1232 2973 1415 3031 quem
1458 2956 1779 3032 Neptunus
1819 2954 1989 3015 dedit
2031 2955 2130 3031 illi,

535 3051 634 3111 Sic
675 3051 882 3112 nocuit
921 3052 1165 3129 eampis
1211 3052 1359 3113 dum
1400 3050 1758 3113 furibundus
1802 3063 1941 3126 erat,

535 3148 703 3224 Quin
744 3150 931 3226 magis
971 3168 1115 3211 arua
1154 3148 1346 3211 boues
1386 3150 1483 3210 isti
1524 3160 1778 3223 vastant,
1821 3160 1882 3210 et
1923 3151 1986 3209 in
2026 3148 2174 3213 vrbe

536 3246 802 3307 Horrida
841 3247 950 3307 rite
990 3266 1103 3307 suo
1143 3248 1405 3325 dampna
1447 3248 1644 3307 surore
1684 3258 1914 3324 parant.
2477 3270 2575 3323 270

535 3342 768 3403 Nessus
806 3353 868 3403 et
906 3344 971 3405 in
1010 3345 1165 3405 tauri
1204 3346 1510 3421 specimen
1552 3354 1818 3405 mutatus
1859 3356 1918 3405 et
1955 3346 2138 3407 armis

533 3440 747 3501 Victus
785 3440 867 3502 ab
909 3442 1151 3517 Eacide,
1195 3444 1345 3503 dum
1386 3443 1501 3504 sibi
1542 3442 1701 3503 bella
1742 3452 1966 3516 mouet,

532 3538 691 3597 Tam
731 3556 931 3617 neque
971 3540 1253 3601 Centauri
1296 3558 1411 3601 nec
1452 3550 1513 3600 et
1554 3540 1683 3618 ipse
1723 3541 1890 3601 ferox
1931 3541 2314 3603 Minotaurus

534 3636 679 3695 Hoc
720 3638 1046 3698 metuenda
1083 3638 1221 3699 viris
1260 3647 1533 3715 tempore
1574 3638 1734 3699 bella
1773 3637 2017 3712 dabant,

534 3732 702 3808 Quin
743 3735 931 3811 magis
972 3752 1117 3795 eoce
1156 3733 1345 3795 boues
1388 3735 1483 3795 isti
1526 3735 1815 3795 violenter
1853 3746 2044 3799 aratra

534 3830 921 3908 Linquentes,
966 3831 1281 3892 hominum
1324 3832 1685 3893 constituere
1727 3850 1958 3893 necem.

614 3930 802 3989 Arma
842 3929 934 3989 sui
974 3947 1195 3990 vacuos
1236 3930 1433 4007 operis
1472 3928 1741 4007 dispersa
1781 3948 1888 4007 per
1927 3948 2100 4007 agros

534 4027 819 4104 Linqunt,
864 4046 978 4087 nec
1020 4028 1263 4088 solitum
1306 4029 1397 4087 ius
1439 4025 1553 4087 sibi
1593 4046 1802 4089 vomer
1841 4027 2063 4104 habet3

532 4124 697 4185 Ecce
735 4125 933 4185 iacent
971 4126 1157 4201 rastri,
1202 4126 1289 4185 sic
1329 4127 1559 4186 sarcula
1599 4127 1808 4203 sicque
1846 4126 2094 4204 ligones,

530 4221 725 4297 Buris,
767 4221 946 4297 trabs,
990 4224 1268 4301 crapulas
1308 4234 1448 4285 sunt
1491 4242 1691 4301 neque
1735 4225 1904 4285 restis
1944 4224 2069 4301 eis;
2477 4236 2577 4286 280

418 4350 790 4495 1:¹53uSiDcDHa
884 4352 985 4415 263
1009 4351 1182 4403 thauri
1205 4350 1326 4403 ΒΗ·
1390 4352 1525 4405 tauri
1542 4350 1779 4406 CEGDT
1886 4354 1988 4407 280
2007 4352 2250 4417 crapulas
2272 4350 2576 4409 semu-1·

362 4437 421 4479 0-
2119 4448 2130 4457 .
