3434 5142
1139 488 1426 554 LIBER
1481 488 1989 557 SECUNDUS
2588 496 2671 574 87

629 649 746 709 Dic
787 658 896 723 set,
940 648 1197 716 fortuna,
1239 650 1292 710 si
1331 659 1394 711 tu
1439 647 1757 726 culpabilis
1796 661 1996 727 extas;

629 746 830 807 Credo
869 757 1078 806 tamen
1118 764 1300 807 causa
1341 747 1508 807 nulla
1543 747 1620 807 sit
1662 747 1805 808 inde
1846 758 1985 809 tua:

630 845 752 903 Det
793 844 1073 921 quamuis
1111 843 1336 903 variam
1375 844 1678 921 popularis
1720 862 1837 905 vox
1878 844 1987 905 tibi
2028 846 2269 920 fanum,

627 944 912 1001 Attamen
953 958 1058 1001 one
1098 958 1238 1001 meo
1277 951 1342 1002 te
1379 941 1564 1001 nichil
1605 960 1739 1003 esse
1777 952 1949 1020 puto,

630 1038 938 1115 Quicquid
978 1047 1160 1115 agant
1198 1038 1317 1112 alii,
1361 1056 1486 1099 non
1529 1056 1777 1115 possum
1820 1040 2070 1101 credere
2106 1042 2269 1115 sorti,

628 1136 852 1197 Saltem
893 1136 1166 1213 dumque
1204 1136 1356 1200 dens
1397 1136 1474 1197 sit
1515 1155 1696 1214 super
1738 1156 1931 1199 omne·
1963 1150 2197 1216 potens.

616 1233 771 1293 -Non
813 1244 875 1294 te
914 1235 1214 1294 fortunam
1255 1234 1544 1311 quicquid
1585 1234 1769 1294 michi
1812 1254 2037 1313 ponere
2078 1237 2339 1309 credam,

627 1331 709 1390 Vt
747 1348 896 1409 gens
937 1348 1056 1408 que
1095 1340 1320 1393 sortem
1359 1342 1687 1391 murmurat
1726 1350 1861 1392 esse
1898 1343 2099 1393 tuam:
2606 1357 2672 1408 90

631 1428 770 1487 Hac
809 1438 1013 1487 tamen
1057 1428 1120 1487 in
1162 1438 1340 1502 carta,
1385 1446 1508 1505 que
1549 1429 1624 1487 sit
1667 1428 1783 1491 sibi
1826 1429 1965 1490 ficta
2008 1431 2210 1509 figura,

628 1524 902 1589 Scribere
938 1526 1198 1601 decretu,
1242 1537 1333 1589 set
1374 1526 1558 1586 nichil
1599 1526 1747 1587 inde
1786 1526 1987 1589 michi.

534 1725 654 1782 Hic
680 1728 980 1786 desa-ibit
1002 1729 1326 1785 fortunam
1349 1730 1690 1786 seeundum
1717 1730 1985 1799 anquoo,
2012 1731 2117 1801 qui
2145 1734 2386 1787 nortem
2419 1731 2674 1790 fortune

463 1814 682 1871 dicunt
707 1831 852 1872 enne
874 1817 941 1873 et
964 1831 1198 1873 casum.

271 1926 480 2003 Capm.
510 1927 589 1988 iii.

715 1929 774 1991 Ο
817 1929 1069 1999 fortuna,
1111 1928 1221 1990 tibi
1263 1930 1430 2008 quod
1470 1940 1676 2007 aperte
1714 1930 1932 1990 dicitur
1971 1931 2130 2004 audi,

628 2023 986 2084 Inconstans
1027 2023 1231 2097 animi,
1274 2042 1396 2101 que
1436 2041 1550 2084 nec
1592 2042 1658 2084 es
1699 2024 1799 2083 hic
1842 2043 1958 2084 nec
1996 2023 2116 2086 ibi:

627 2122 712 2181 Es
753 2122 905 2183 facie
945 2122 1104 2195 bina,
1151 2140 1402 2199 quarum
1445 2122 1793 2182 deformiter
1832 2142 1951 2182 vna

626 2220 914 2299 Respicit,
960 2240 1034 2282 ex
1073 2232 1135 2281 et
1176 2239 1248 2281 ea
1287 2220 1562 2280 fulminat
1603 2220 1687 2279 ira
1728 2230 1832 2280 tua
1849 2242 1869 2295 ς

627 2319 831 2378 Altera
873 2315 1046 2379 felici
1069 2319 1234 2378 vultu
1277 2318 1602 2390 candescit,
1643 2326 1706 2378 et
1749 2318 1861 2395 ipsi

631 2415 814 2475 Hanc
857 2414 960 2491 qui
1000 2415 1395 2491 conspiciunt,
1441 2430 1724 2492 prospera
1749 2426 1983 2475 cuneta
2022 2425 2251 2492 gerunt.

629 2511 728 2571 Sic
769 2510 981 2571 odiosa
1019 2520 1122 2570 tua
1163 2510 1343 2571 facies
1385 2520 1447 2571 et
1486 2510 1761 2571 amabilis
1804 2512 1902 2571 illa

633 2608 827 2667 Anxia
869 2608 1051 2668 corda
1091 2610 1250 2669 leuat
1291 2626 1556 2686 sepeque
1595 2610 1714 2669 leta
1754 2609 1908 2671 ruit:
2578 2636 2673 2672 100

629 2707 722 2765 Ex
760 2706 938 2766 oculo
979 2706 1173 2783 primo
1214 2707 1428 2783 ploras,
1473 2706 1752 2783 ridesque
1792 2707 2081 2782 secundO,

626 2806 720 2863 Ac
759 2822 1106 2877 econuerSO,
1151 2814 1210 2864 te
1251 2820 1454 2881 neque
1489 2814 1698 2865 noscet
1740 2804 1947 2867 home.

629 2902 794 2961 Dum
836 2902 990 2980 geris
1031 2912 1340 2979 aspectum
1383 2903 1636 2978 duplum
1677 2904 1899 2963 variata
1942 2922 2049 2981 per
2089 2906 2316 2979 orbem,

629 2999 773 3059 Non
813 3009 875 3060 te
915 2998 1286 3077 simplicibus
1327 3008 1562 3059 constat
1603 3000 1753 3060 inire
1794 3000 1919 3061 viis.

631 3097 1026 3175 Prosperitate
1069 3107 1172 3157 tua
1213 3106 1432 3157 stetero
1473 3098 1523 3157 si
1564 3097 1720 3157 letus
1760 3098 1823 3157 in
1865 3097 2030 3172 orbe,

631 3196 796 3255 Dum
836 3205 988 3272 puto
1025 3212 1239 3255 securo
1280 3204 1451 3267 stare,
1495 3206 1743 3272 repente
1783 3196 1973 3271 cad03

628 3292 708 3353 Et
751 3292 920 3352 timet
961 3292 1187 3352 incerta
1227 3308 1336 3351 σοι·
1371 3310 1517 3369 sepe
1557 3292 1783 3353 doloris
1822 3293 1885 3352 in
1930 3293 2158 3365 vmbra,

628 3392 785 3453 Cum
827 3390 1011 3451 michi
1055 3390 1253 3450 leticia
1293 3408 1423 3451 cras
1463 3390 1626 3451 venit
1667 3409 1813 3451 ecce
1850 3410 2033 3455 noua.

627 3488 849 3550 Omnia
888 3500 1152 3567 suntque
1189 3496 1300 3549 tuo
1337 3488 1504 3550 tenui
1543 3488 1879 3565 pendeneia
1920 3489 2042 3562 filo,

629 3586 752 3661 Qui
793 3586 926 3662 plus
967 3586 1157 3649 credit
1196 3585 1284 3647 eis
1327 3584 1544 3647 fallitur
1583 3595 1767 3662 atque
1806 3586 2037 3665 magi53
2580 3610 2673 3646 110

632 3682 814 3761 Sique
854 3684 1018 3745 leues
1059 3684 1222 3745 oculi
1261 3683 1381 3745 sint
1423 3683 1592 3755 ictus,
1636 3692 1779 3743 sunt
1818 3684 2047 3745 leuiora
2078 3724 2085 3733 -

630 3780 859 3842 Ordine
898 3782 1169 3858 precipiti
1207 3780 1475 3857 pendula
1513 3778 1634 3839 fata
1673 3776 1795 3842 tu'a.

711 3880 969 3939 Munera
1010 3880 1174 3939 nulla
1212 3880 1422 3940 iuuant
1459 3886 1524 3938 vt
1565 3888 1628 3939 te
1665 3878 1899 3955 possint
1940 3880 2211 3954 retinere,

629 3976 689 4036 N
691 3994 762 4036 ec
801 3975 1020 4037 domus
1059 3985 1152 4037 est
1191 3985 1354 4037 certa
1395 3994 1514 4053 que
1555 3984 1672 4035 stat
1713 3974 1777 4035 in
1818 3974 1967 4036 orbe
2006 3984 2129 4037 tua.

628 4074 724 4132 Tu
764 4073 1003 4151 grauior
1039 4074 1212 4146 saxis,
1257 4072 1448 4133 leuior
1485 4082 1552 4133 tu
1595 4090 1779 4149 quarn
1820 4072 1971 4134 leuis
2011 4090 2171 4147 aura,

627 4172 912 4249 Asperior
951 4172 1155 4248 spinis,
1198 4171 1436 4233 mollior
1471 4180 1658 4248 atque
1699 4171 1881 4233 rosis:

629 4270 724 4328 Tu
767 4269 956 4330 leuior
996 4270 1154 4331 foliis
1194 4279 1340 4331 tunc
1380 4288 1522 4330 cum
1563 4270 1698 4329 sine
1738 4268 2007 4346 pondere
2048 4270 2221 4332 siccis

629 4364 966 4427 Mobilibus
1007 4366 1202 4430 ventis
1241 4366 1408 4427 arida
1448 4366 1604 4426 facta
1646 4366 1888 4443 volant3

630 4464 711 4525 Et
751 4465 952 4525 minus
992 4475 1085 4526 est
1125 4465 1188 4523 in
1231 4473 1309 4537 te,
1351 4483 1533 4543 quam
1575 4484 1811 4526 summa
1852 4467 2093 4545 pondus
2132 4466 2328 4537 arista,
