3434 5142
752 447 871 508 168

1444 441 1642 506 vox
1700 413 2244 506 CLAMANTIS

909 603 1019 664 Est
1060 603 1201 664 dare
1242 619 1355 663 nec
1395 619 1653 662 vacuum
1692 611 1901 662 ventre
1941 611 2212 661 tumente
2253 601 2476 661 locum.

988 699 1265 760 Pluribus
1304 717 1379 760 ex
1419 697 1613 759 musis
1654 699 1990 759 monachus
2029 697 2214 758 vitare
2257 697 2474 758 Lieum

909 796 1125 872 Debet,
1170 815 1243 858 ex
1282 806 1375 857 est
1412 815 1547 869 vna,
1592 815 1671 856 ne
1710 815 1852 856 caro
1891 806 2096 874 stupra
2135 806 2340 873 petat3

909 896 1043 956 Nec
1084 895 1246 956 bona
1284 894 1647 956 confratrum
1688 903 1894 965 vastet,
1939 912 2053 954 nec
2093 891 2158 952 in
2197 891 2488 954 ebrietate

911 991 1215 1066 Desideat,
1259 1010 1373 1052 nec
1412 1010 1489 1052 eo
1528 989 1896 1052 febricitetur
1933 991 2138 1051 homo.

909 1093 1194 1152 Attamen
1234 1087 1363 1169 ipse
1402 1087 1589 1150 nichil
1628 1099 1810 1161 emat,
1857 1087 2004 1166 quin
2045 1089 2234 1166 replet
2273 1087 2452 1148 inane

912 1188 1164 1267 Corpus,
1207 1198 1269 1249 et
1308 1197 1399 1248 est
1436 1185 1637 1247 anime
1676 1184 1980 1247 cotidiana
2017 1187 2222 1246 sames·

911 1287 1095 1348 Nunc
1134 1285 1347 1346 niueus
1388 1281 1561 1362 panis
1599 1282 1912 1344 monachis
1953 1282 2292 1362 subtileque
2331 1282 2540 1343 vinum

914 1385 993 1445 Et
1032 1401 1240 1444 carnes
1278 1383 1431 1443 festa
1470 1378 1776 1442 cotidiana
1813 1392 2024 1458 parant
2047 1402 2068 1455 3

910 1482 1095 1541 Nunc
1132 1499 1317 1541 cocus
1358 1497 1501 1540 ecoe
1540 1477 1766 1556 coquit,
1808 1489 1984 1551 assat,
2025 1480 2183 1556 gelat
2221 1487 2406 1556 atque
2447 1475 2708 1550 resoluit,

912 1579 993 1638 Et
1032 1576 1168 1639 terit
1207 1588 1269 1640 et
1308 1575 1554 1654 stringit,
1598 1577 1758 1636 colat
1799 1586 1860 1636 et
1899 1587 2034 1636 acta
2071 1576 2303 1653 probat.

912 1674 975 1737 Si
1014 1675 1232 1755 poterit
1272 1675 1604 1736 monachus
1642 1683 1912 1734 ventrem
1955 1693 2213 1734 crassare
2252 1673 2521 1752 gulosus,

916 1772 1005 1835 Sit
1042 1773 1211 1835 labor
1251 1783 1315 1834 vt
1354 1770 1533 1833 sacris
1576 1770 1662 1830 nil
1702 1782 1872 1850 putat
1913 1790 2044 1832 esse
2083 1769 2288 1832 libris:

918 1869 1271 1950 Despiciens
1310 1888 1535 1930 manna
1571 1868 1744 1947 plebs
1783 1867 1898 1929 ista
1937 1868 2132 1947 nigras
2171 1867 2322 1947 petit
2360 1869 2528 1940 ollas,

917 1968 1201 2048 Preponit
1240 1966 1395 2028 vicia
1434 1965 1703 2027 moribus
1742 1977 1928 2044 atque
1966 1987 2089 2027 sua.

917 2067 1015 2127 Ne
1055 2085 1353 2127 macerare
1394 2065 1581 2125 fames
1623 2083 1852 2125 crassos
1894 2075 2090 2142 queat,
2135 2083 2214 2124 en
2253 2064 2394 2142 gula
2432 2064 2612 2142 plene

920 2166 1297 2242 Languentes
1340 2163 1683 2224 stomachos
1723 2160 1944 2223 ventris
1985 2159 2180 2222 amica
2218 2161 2446 2239 replet:

922 2261 1088 2340 Quid
1128 2261 1205 2323 sit
1244 2259 1521 2321 honorari
1564 2258 1772 2334 nescit,
1816 2269 1906 2322 set
1945 2269 2150 2320 ventre
2190 2257 2370 2334 beari,

922 2362 1082 2434 Hoc,
1126 2357 1272 2420 dicit
1312 2358 1660 2430 monachuS‚
1705 2368 1798 2417 est
1837 2355 1948 2430 via,
1992 2355 2128 2430 vita,
2171 2359 2348 2418 salus.

922 2457 1278 2518 Accelerans
1318 2453 1497 2514 currit
1536 2453 1675 2526 cit0‚
1720 2472 1860 2514 cum
1901 2455 2169 2532 pulsatur
2206 2455 2285 2515 ad
2326 2455 2527 2527 ollam,

922 2552 1170 2616 Preterit
1208 2573 1246 2614 a
1286 2571 1495 2613 mensa
1534 2550 1689 2612 mica
1731 2571 1843 2612 nec
1885 2570 2002 2611 vna
2041 2550 2194 2628 sibi3

923 2653 1026 2714 Set
1066 2652 1222 2730 pede
1262 2647 1593 2728 spondaico
1633 2651 1830 2709 lentus
1871 2651 1950 2710 de
1991 2661 2170 2710 nocte
2211 2668 2536 2728 resurgenS,

924 2748 1083 2811 Cum
1122 2747 1286 2808 venit
1324 2748 1404 2808 ad
1446 2747 1670 2820 laudes»,
1714 2744 1955 2806 vltimus
1997 2767 2128 2808 esse
2167 2745 2332 2826 petit.

1007 2843 1251 2907 Ordinis
1291 2843 1355 2905 in
1396 2843 1591 2923 primo
1631 2843 1944 2905 monachis
1986 2845 2203 2905 domus
2243 2855 2414 2905 antra
2451 2844 2632 2917 fuere,

924 2943 1201 3020 Aulaque
1241 2961 1403 3003 nunc
1442 2939 1681 3020 grandis
1725 2941 2034 3002 marmoris
2075 2953 2246 3003 ornat
2287 2961 2427 3004 eos:

926 3041 1109 3101 Nulla
1148 3038 1410 3118 coquina
1448 3037 1564 3100 sibi
1605 3040 1795 3100 fuerat
1833 3041 2086 3114 fumosa,
2130 3059 2243 3100 nec
2283 3038 2420 3120 igne

927 3136 1229 3199 Deliciosa
1267 3155 1451 3199 cocus
1490 3148 1665 3198 cocta
1703 3139 1798 3198 vel
1839 3157 1973 3198 assa
2013 3137 2186 3214 tulit3

926 3237 1071 3296 Non
1110 3234 1281 3296 cibus
1322 3245 1603 3296 excoctus
1645 3254 1844 3313 neque
1884 3235 2107 3297 fercula
2145 3255 2324 3296 carne
2363 3253 2614 3314 repensa

926 3335 1001 3394 In
1042 3333 1235 3412 primo
1276 3333 1585 3395 monachis
1626 3343 1896 3412 tempore
1937 3353 2134 3394 crassa
2173 3334 2399 3395 dabant
2421 3355 2440 3408 ς

928 3430 1210 3510 Corporis
1250 3429 1543 3509 ingluuies
1583 3429 1814 3492 animas
1855 3450 2000 3491 non.
2021 3430 2232 3509 pressit
2273 3451 2499 3504 eorum,

925 3529 1058 3590 Nec
1098 3528 1383 3590 calefacta
1422 3547 1561 3590 caro
1601 3529 1820 3589 callida
1858 3539 2062 3607 stupra
2099 3527 2288 3606 petit:

923 3627 1229 3705 Vesteque
1267 3623 1519 3703 pellicea
1556 3645 1666 3686 sua
1704 3645 1956 3706 corpora
1995 3626 2160 3686 nuda
2199 3625 2495 3704 tegebant,

927 3723 1052 3800 Qui
1092 3723 1281 3785 modo
1320 3723 1400 3784 de
1440 3723 1578 3783 lana
1619 3722 1857 3784 mollius
1898 3722 2029 3803 ipsa
2069 3733 2316 3802 tegunt:

926 3819 1138 3881 Herba
1177 3819 1361 3882 dabat
1400 3818 1642 3894 victum,
1688 3821 1823 3881 fons
1864 3832 2092 3900 potum,
2139 3832 2434 3900 turpeque
2473 3828 2700 3880 vestem

926 3914 1221 3992 Cilicium,
1266 3937 1379 3978 nec
1421 3937 1497 3978 eo
1537 3929 1806 3996 tempore
1848 3938 2115 3978 murmur
2154 3928 2295 3979 erat.

924 4015 985 4074 N
988 4032 1069 4075 on
1110 4026 1233 4076 erat
1272 4014 1499 4077 invidia
1538 4015 1864 4077 claustralis
1904 4028 2050 4078 tunc
2091 4035 2291 4095 neque
2332 4035 2595 4096 pompa;

926 4109 1049 4186 Qui
1091 4112 1279 4172 fuerat
1320 4111 1525 4188 maior,
1571 4112 1754 4174 seruit
1796 4123 1859 4174 vt
1899 4113 2028 4192 ipse
2069 4113 2300 4174 minor:

926 4207 1071 4268 Non
1110 4219 1235 4270 erat
1273 4209 1498 4288 argenti
1540 4212 1780 4290 pondus
1821 4230 2018 4289 neque
2059 4209 2314 4272 circulus
2355 4209 2500 4284 auri,

928 4303 1065 4380 Que
1106 4318 1379 4384 poterant
1420 4319 1693 4368 sanctum
1737 4321 1880 4368 tunc
1922 4307 2142 4370 violare
2183 4319 2440 4369 statum:

1204 4435 1268 4482 72
1301 4437 1421 4473 esse
1445 4421 1535 4473 SG
1600 4422 1717 4486 ipse
1741 4423 1990 4474 CEHDL
2187 4437 2253 4488 79
2286 4424 2412 4473 dum
2436 4423 2528 4473 ΟΕ

2889 607 2957 658 60

2894 1595 2957 1648 70

2893 2557 2960 2606 80
