<?xml version="1.0" encoding="UTF-8"?>
<!DOCTYPE html PUBLIC "-//W3C//DTD XHTML 1.0 Transitional//EN"
    "http://www.w3.org/TR/xhtml1/DTD/xhtml1-transitional.dtd">
<html xmlns="http://www.w3.org/1999/xhtml" xml:lang="en" lang="en">
 <head>
  <title>
</title>
<meta http-equiv="Content-Type" content="text/html;charset=utf-8" />
  <meta name='ocr-system' content='tesseract 3.04.00' />
  <meta name='ocr-capabilities' content='ocr_page ocr_carea ocr_par ocr_line ocrx_word'/>
</head>
<body>
  <div class='ocr_page' id='page_1' title='image "./completeworksjo01macagoog_0096.png"; bbox 0 0 3434 5142; ppageno 0'>
   <div class='ocr_carea' id='block_1_1' title="bbox 716 452 2320 525">
    <p class='ocr_par' dir='ltr' id='par_1_1' title="bbox 716 452 2320 525">
     <span class='ocr_line' id='line_1_1' title="bbox 716 452 2320 525; baseline -0.004 0"><span class='ocrx_word' id='word_1_1' title='bbox 716 464 761 525; x_wconf 89' lang='grc'><strong><em>6</em></strong></span> <span class='ocrx_word' id='word_1_2' title='bbox 1520 456 1722 523; x_wconf 89' lang='lat' dir='ltr'><strong>VOX</strong></span> <span class='ocrx_word' id='word_1_3' title='bbox 1779 452 2320 521; x_wconf 76' lang='lat' dir='ltr'>CLAMANTIS</span> 
     </span>
    </p>
   </div>
   <div class='ocr_carea' id='block_1_2' title="bbox 1302 660 2549 743">
    <p class='ocr_par' dir='ltr' id='par_1_2' title="bbox 1302 660 2549 743">
     <span class='ocr_line' id='line_1_2' title="bbox 1302 660 2549 743; baseline -0.002 -14"><span class='ocrx_word' id='word_1_4' title='bbox 1302 668 1642 743; x_wconf 79' lang='lat' dir='ltr'><strong>Incipiunt</strong></span> <span class='ocrx_word' id='word_1_5' title='bbox 1678 666 1997 741; x_wconf 74' lang='lat' dir='ltr'><strong>eapitula</strong></span> <span class='ocrx_word' id='word_1_6' title='bbox 2035 666 2192 727; x_wconf 71' lang='lat' dir='ltr'><strong>libr-1</strong></span> <span class='ocrx_word' id='word_1_7' title='bbox 2229 660 2549 727; x_wconf 73' lang='lat' dir='ltr'><strong>Secundi·</strong></span> 
     </span>
    </p>
   </div>
   <div class='ocr_carea' id='block_1_3' title="bbox 723 814 3142 3825">
    <p class='ocr_par' dir='ltr' id='par_1_3' title="bbox 723 814 3130 1286">
     <span class='ocr_line' id='line_1_3' title="bbox 723 814 3130 896; baseline -0.001 -17"><span class='ocrx_word' id='word_1_8' title='bbox 723 818 1027 896; x_wconf 79' lang='lat' dir='ltr'>Prologus.</span> <span class='ocrx_word' id='word_1_9' title='bbox 1072 818 1199 877; x_wconf 89' lang='lat' dir='ltr'><strong>Hic</strong></span> <span class='ocrx_word' id='word_1_10' title='bbox 1234 816 1379 878; x_wconf 88' lang='lat' dir='ltr'><strong>dicit</strong></span> <span class='ocrx_word' id='word_1_11' title='bbox 1410 816 1577 895; x_wconf 88' lang='lat' dir='ltr'><strong>quod</strong></span> <span class='ocrx_word' id='word_1_12' title='bbox 1616 816 1746 894; x_wconf 81' lang='lat' dir='ltr'><strong>ipse</strong></span> <span class='ocrx_word' id='word_1_13' title='bbox 1781 816 1902 876; x_wconf 84' lang='lat' dir='ltr'><strong>iam</strong></span> <span class='ocrx_word' id='word_1_14' title='bbox 1929 816 2196 893; x_wconf 81' lang='lat' dir='ltr'><strong>vigilans,</strong></span> <span class='ocrx_word' id='word_1_15' title='bbox 2223 814 2560 877; x_wconf 85' lang='lat' dir='ltr'><strong>secundum</strong></span> <span class='ocrx_word' id='word_1_16' title='bbox 2595 832 2808 877; x_wconf 82' lang='lat' dir='ltr'><strong>vocem</strong></span> <span class='ocrx_word' id='word_1_17' title='bbox 2843 833 3026 894; x_wconf 84' lang='lat' dir='ltr'><strong>quam</strong></span> <span class='ocrx_word' id='word_1_18' title='bbox 3067 817 3130 878; x_wconf 87' lang='lat' dir='ltr'><strong>in</strong></span> 
     </span>
     <span class='ocr_line' id='line_1_4' title="bbox 1042 912 3130 993; baseline -0.001 -16"><span class='ocrx_word' id='word_1_19' title='bbox 1042 916 1313 993; x_wconf 81' lang='lat' dir='ltr'><strong>sompnis</strong></span> <span class='ocrx_word' id='word_1_20' title='bbox 1340 925 1665 992; x_wconf 85' lang='lat' dir='ltr'><strong>acceperat,</strong></span> <span class='ocrx_word' id='word_1_21' title='bbox 1696 914 1956 976; x_wconf 85' lang='lat' dir='ltr'><strong>intendit</strong></span> <span class='ocrx_word' id='word_1_22' title='bbox 1983 913 2242 975; x_wconf 85' lang='lat' dir='ltr'><strong>scribere</strong></span> <span class='ocrx_word' id='word_1_23' title='bbox 2277 932 2350 974; x_wconf 66' lang='lat' dir='ltr'><strong>ea</strong></span> <span class='ocrx_word' id='word_1_24' title='bbox 2378 932 2500 991; x_wconf 91' lang='lat' dir='ltr'><strong>que</strong></span> <span class='ocrx_word' id='word_1_25' title='bbox 2526 912 2606 975; x_wconf 91' lang='lat' dir='ltr'><strong>de</strong></span> <span class='ocrx_word' id='word_1_26' title='bbox 2633 913 2864 976; x_wconf 87' lang='lat' dir='ltr'><strong>mundo</strong></span> <span class='ocrx_word' id='word_1_27' title='bbox 2891 916 3042 977; x_wconf 82' lang='lat' dir='ltr'><strong>vidit</strong></span> <span class='ocrx_word' id='word_1_28' title='bbox 3069 925 3130 977; x_wconf 90' lang='lat' dir='ltr'><strong>et</strong></span> 
     </span>
     <span class='ocr_line' id='line_1_5' title="bbox 1042 1010 3128 1088; baseline -0 -14"><span class='ocrx_word' id='word_1_29' title='bbox 1042 1011 1293 1087; x_wconf 86' lang='lat' dir='ltr'><strong>audiuit,</strong></span> <span class='ocrx_word' id='word_1_30' title='bbox 1322 1024 1383 1073; x_wconf 90' lang='lat' dir='ltr'><strong>et</strong></span> <span class='ocrx_word' id='word_1_31' title='bbox 1408 1023 1584 1073; x_wconf 82' lang='lat' dir='ltr'><strong>vocat</strong></span> <span class='ocrx_word' id='word_1_32' title='bbox 1619 1010 1890 1073; x_wconf 88' lang='lat' dir='ltr'><strong>libellum</strong></span> <span class='ocrx_word' id='word_1_33' title='bbox 1927 1012 2108 1071; x_wconf 88' lang='lat' dir='ltr'><strong>istum</strong></span> <span class='ocrx_word' id='word_1_34' title='bbox 2143 1012 2282 1070; x_wconf 85' lang='lat' dir='ltr'><strong>Vox</strong></span> <span class='ocrx_word' id='word_1_35' title='bbox 2318 1010 2668 1085; x_wconf 86' lang='lat' dir='ltr'><strong>Clamantis,</strong></span> <span class='ocrx_word' id='word_1_36' title='bbox 2697 1012 2839 1088; x_wconf 89' lang='lat' dir='ltr'><strong>quia</strong></span> <span class='ocrx_word' id='word_1_37' title='bbox 2865 1011 2944 1073; x_wconf 89' lang='lat' dir='ltr'><strong>de</strong></span> <span class='ocrx_word' id='word_1_38' title='bbox 2981 1031 3128 1073; x_wconf 87' lang='lat' dir='ltr'><strong>voce</strong></span> 
     </span>
     <span class='ocr_line' id='line_1_6' title="bbox 1044 1107 3130 1187; baseline 0 -15"><span class='ocrx_word' id='word_1_39' title='bbox 1044 1120 1107 1173; x_wconf 89' lang='lat' dir='ltr'><strong>et</strong></span> <span class='ocrx_word' id='word_1_40' title='bbox 1132 1110 1395 1171; x_wconf 86' lang='lat' dir='ltr'><strong>clamore</strong></span> <span class='ocrx_word' id='word_1_41' title='bbox 1421 1110 1592 1187; x_wconf 80' lang='lat' dir='ltr'><strong>quasi</strong></span> <span class='ocrx_word' id='word_1_42' title='bbox 1628 1110 1902 1171; x_wconf 89' lang='lat' dir='ltr'><strong>omnium</strong></span> <span class='ocrx_word' id='word_1_43' title='bbox 1927 1118 2258 1185; x_wconf 88' lang='lat' dir='ltr'><strong>conceptus</strong></span> <span class='ocrx_word' id='word_1_44' title='bbox 2283 1118 2414 1183; x_wconf 82' lang='lat' dir='ltr'><strong>est3</strong></span> <span class='ocrx_word' id='word_1_45' title='bbox 2453 1108 2614 1169; x_wconf 86' lang='lat' dir='ltr'><strong>vnde</strong></span> <span class='ocrx_word' id='word_1_46' title='bbox 2639 1108 2702 1167; x_wconf 91' lang='lat' dir='ltr'><strong>in</strong></span> <span class='ocrx_word' id='word_1_47' title='bbox 2729 1107 2906 1169; x_wconf 89' lang='lat' dir='ltr'><strong>buius</strong></span> <span class='ocrx_word' id='word_1_48' title='bbox 2933 1110 3130 1187; x_wconf 87' lang='lat' dir='ltr'><strong>operis</strong></span> 
     </span>
     <span class='ocr_line' id='line_1_7' title="bbox 1044 1206 2218 1286; baseline -0.003 -17"><span class='ocrx_word' id='word_1_49' title='bbox 1044 1207 1329 1269; x_wconf 81' lang='lat' dir='ltr'><strong>auxilium</strong></span> <span class='ocrx_word' id='word_1_50' title='bbox 1356 1208 1627 1286; x_wconf 84' lang='lat' dir='ltr'><strong>spiritum</strong></span> <span class='ocrx_word' id='word_1_51' title='bbox 1654 1216 1930 1267; x_wconf 87' lang='lat' dir='ltr'><strong>sanctum</strong></span> <span class='ocrx_word' id='word_1_52' title='bbox 1958 1206 2218 1266; x_wconf 85' lang='lat' dir='ltr'><strong>inuocat.</strong></span> 
     </span>
    </p>

    <p class='ocr_par' dir='ltr' id='par_1_4' title="bbox 724 1301 3132 1659">
     <span class='ocr_line' id='line_1_8' title="bbox 724 1301 3125 1383; baseline -0.002 -15"><span class='ocrx_word' id='word_1_53' title='bbox 724 1305 920 1383; x_wconf 72' lang='lat' dir='ltr'><strong>Capm.</strong></span> <span class='ocrx_word' id='word_1_54' title='bbox 954 1306 988 1365; x_wconf 89' lang='lat' dir='ltr'><strong>i.</strong></span> <span class='ocrx_word' id='word_1_55' title='bbox 1052 1305 1177 1365; x_wconf 87' lang='lat' dir='ltr'><strong>Hic</strong></span> <span class='ocrx_word' id='word_1_56' title='bbox 1229 1304 1393 1379; x_wconf 90' lang='lat' dir='ltr'><strong>dicit,</strong></span> <span class='ocrx_word' id='word_1_57' title='bbox 1450 1305 1786 1365; x_wconf 85' lang='lat' dir='ltr'><strong>secundnm</strong></span> <span class='ocrx_word' id='word_1_58' title='bbox 1841 1302 2007 1380; x_wconf 89' lang='lat' dir='ltr'><strong>quod</strong></span> <span class='ocrx_word' id='word_1_59' title='bbox 2063 1301 2144 1365; x_wconf 88' lang='lat' dir='ltr'><strong>de</strong></span> <span class='ocrx_word' id='word_1_60' title='bbox 2199 1303 2460 1364; x_wconf 80' lang='lat' dir='ltr'><strong>clamore</strong></span> <span class='ocrx_word' id='word_1_61' title='bbox 2511 1304 2822 1365; x_wconf 89' lang='lat' dir='ltr'><strong>communi</strong></span> <span class='ocrx_word' id='word_1_62' title='bbox 2875 1304 3125 1379; x_wconf 89' lang='lat' dir='ltr'><strong>audiuit,</strong></span> 
     </span>
     <span class='ocr_line' id='line_1_9' title="bbox 1044 1400 3131 1481; baseline -0 -18"><span class='ocrx_word' id='word_1_63' title='bbox 1044 1402 1301 1481; x_wconf 83' lang='lat' dir='ltr'><strong>qualiter</strong></span> <span class='ocrx_word' id='word_1_64' title='bbox 1336 1412 1523 1462; x_wconf 88' lang='lat' dir='ltr'><strong>status</strong></span> <span class='ocrx_word' id='word_1_65' title='bbox 1559 1411 1620 1462; x_wconf 89' lang='lat' dir='ltr'><strong>et</strong></span> <span class='ocrx_word' id='word_1_66' title='bbox 1658 1400 1812 1463; x_wconf 87' lang='lat' dir='ltr'><strong>ordo</strong></span> <span class='ocrx_word' id='word_1_67' title='bbox 1849 1400 2058 1461; x_wconf 87' lang='lat' dir='ltr'><strong>mundi</strong></span> <span class='ocrx_word' id='word_1_68' title='bbox 2088 1400 2372 1478; x_wconf 85' lang='lat' dir='ltr'>precipue</span> <span class='ocrx_word' id='word_1_69' title='bbox 2399 1401 2462 1461; x_wconf 90' lang='lat' dir='ltr'><strong>in</strong></span> <span class='ocrx_word' id='word_1_70' title='bbox 2489 1402 2756 1478; x_wconf 83' lang='lat' dir='ltr'><strong>partibus</strong></span> <span class='ocrx_word' id='word_1_71' title='bbox 2785 1403 2909 1463; x_wconf 89' lang='lat' dir='ltr'><strong>istis</strong></span> <span class='ocrx_word' id='word_1_72' title='bbox 2938 1402 3131 1463; x_wconf 86' lang='lat' dir='ltr'><strong>multi·</strong></span> 
     </span>
     <span class='ocr_line' id='line_1_10' title="bbox 1046 1496 3132 1579; baseline 0.001 -20"><span class='ocrx_word' id='word_1_73' title='bbox 1046 1498 1278 1577; x_wconf 82' lang='lat' dir='ltr'><strong>pliciter</strong></span> <span class='ocrx_word' id='word_1_74' title='bbox 1310 1500 1373 1559; x_wconf 90' lang='lat' dir='ltr'><strong>in</strong></span> <span class='ocrx_word' id='word_1_75' title='bbox 1408 1500 1577 1577; x_wconf 88' lang='lat' dir='ltr'><strong>peius</strong></span> <span class='ocrx_word' id='word_1_76' title='bbox 1618 1499 1889 1573; x_wconf 84' lang='lat' dir='ltr'><strong>variatur,</strong></span> <span class='ocrx_word' id='word_1_77' title='bbox 1919 1506 1982 1559; x_wconf 89' lang='lat' dir='ltr'><strong>et</strong></span> <span class='ocrx_word' id='word_1_78' title='bbox 2015 1496 2326 1575; x_wconf 88' lang='lat' dir='ltr'><strong>quomodo</strong></span> <span class='ocrx_word' id='word_1_79' title='bbox 2351 1499 2760 1576; x_wconf 84' lang='lat' dir='ltr'><strong>vnusquisque</strong></span> <span class='ocrx_word' id='word_1_80' title='bbox 2799 1518 2978 1579; x_wconf 87' lang='lat' dir='ltr'><strong>super</strong></span> <span class='ocrx_word' id='word_1_81' title='bbox 3012 1501 3132 1561; x_wconf 90' lang='lat' dir='ltr'><strong>hoc</strong></span> 
     </span>
     <span class='ocr_line' id='line_1_11' title="bbox 1046 1596 2582 1659; baseline 0.001 -4"><span class='ocrx_word' id='word_1_82' title='bbox 1046 1596 1347 1659; x_wconf 80' lang='lat' dir='ltr'><strong>fortunam</strong></span> <span class='ocrx_word' id='word_1_83' title='bbox 1374 1605 1636 1657; x_wconf 86' lang='lat' dir='ltr'><strong>accusat.</strong></span> <span class='ocrx_word' id='word_1_84' title='bbox 2569 1612 2582 1625; x_wconf 92' lang='lat'><strong>·</strong></span> 
     </span>
    </p>

    <p class='ocr_par' dir='ltr' id='par_1_5' title="bbox 726 1692 3125 1774">
     <span class='ocr_line' id='line_1_12' title="bbox 726 1692 3125 1774; baseline -0.001 -17"><span class='ocrx_word' id='word_1_85' title='bbox 726 1695 925 1772; x_wconf 70' lang='lat' dir='ltr'><strong>Capm.</strong></span> <span class='ocrx_word' id='word_1_86' title='bbox 955 1692 1013 1755; x_wconf 86' lang='lat' dir='ltr'><strong>ii.</strong></span> <span class='ocrx_word' id='word_1_87' title='bbox 1062 1694 1187 1755; x_wconf 89' lang='lat' dir='ltr'><strong>Hic</strong></span> <span class='ocrx_word' id='word_1_88' title='bbox 1212 1694 1453 1773; x_wconf 87' lang='lat' dir='ltr'><strong>corripit</strong></span> <span class='ocrx_word' id='word_1_89' title='bbox 1481 1694 1779 1753; x_wconf 85' lang='lat' dir='ltr'><strong>fortunam</strong></span> <span class='ocrx_word' id='word_1_90' title='bbox 1817 1701 1878 1753; x_wconf 89' lang='lat' dir='ltr'><strong>et</strong></span> <span class='ocrx_word' id='word_1_91' title='bbox 1905 1692 1999 1753; x_wconf 88' lang='lat' dir='ltr'><strong>sui</strong></span> <span class='ocrx_word' id='word_1_92' title='bbox 2025 1704 2279 1753; x_wconf 85' lang='lat' dir='ltr'><strong>euentus</strong></span> <span class='ocrx_word' id='word_1_93' title='bbox 2313 1692 2784 1753; x_wconf 87' lang='lat' dir='ltr'><strong>inconstanciam</strong></span> <span class='ocrx_word' id='word_1_94' title='bbox 2805 1694 3125 1774; x_wconf 86' lang='lat' dir='ltr'><strong>deplangit.</strong></span> 
     </span>
    </p>

    <p class='ocr_par' dir='ltr' id='par_1_6' title="bbox 726 1790 3131 1952">
     <span class='ocr_line' id='line_1_13' title="bbox 726 1790 3131 1870; baseline -0 -14"><span class='ocrx_word' id='word_1_95' title='bbox 726 1793 929 1870; x_wconf 72' lang='lat' dir='ltr'><strong>Capm.</strong></span> <span class='ocrx_word' id='word_1_96' title='bbox 957 1792 1037 1853; x_wconf 90' lang='lat' dir='ltr'><strong>iii.</strong></span> <span class='ocrx_word' id='word_1_97' title='bbox 1082 1792 1206 1853; x_wconf 90' lang='lat' dir='ltr'><strong>Hic</strong></span> <span class='ocrx_word' id='word_1_98' title='bbox 1233 1791 1516 1853; x_wconf 86' lang='lat' dir='ltr'><strong>describit</strong></span> <span class='ocrx_word' id='word_1_99' title='bbox 1541 1792 1840 1852; x_wconf 84' lang='lat' dir='ltr'><strong>fortunam</strong></span> <span class='ocrx_word' id='word_1_100' title='bbox 1869 1790 2205 1851; x_wconf 86' lang='lat' dir='ltr'><strong>secundum</strong></span> <span class='ocrx_word' id='word_1_101' title='bbox 2231 1790 2482 1869; x_wconf 84' lang='lat' dir='ltr'><strong>aliquos,</strong></span> <span class='ocrx_word' id='word_1_102' title='bbox 2513 1792 2620 1869; x_wconf 89' lang='lat' dir='ltr'><strong>qui</strong></span> <span class='ocrx_word' id='word_1_103' title='bbox 2646 1802 2867 1853; x_wconf 83' lang='lat' dir='ltr'><strong>sortem</strong></span> <span class='ocrx_word' id='word_1_104' title='bbox 2894 1794 3131 1856; x_wconf 84' lang='lat' dir='ltr'><strong>fortune</strong></span> 
     </span>
     <span class='ocr_line' id='line_1_14' title="bbox 1048 1889 1762 1952; baseline -0.004 0"><span class='ocrx_word' id='word_1_105' title='bbox 1048 1889 1260 1952; x_wconf 88' lang='lat' dir='ltr'><strong>dicunt</strong></span> <span class='ocrx_word' id='word_1_106' title='bbox 1289 1908 1420 1952; x_wconf 87' lang='lat' dir='ltr'><strong>esse</strong></span> <span class='ocrx_word' id='word_1_107' title='bbox 1447 1900 1507 1951; x_wconf 90' lang='lat' dir='ltr'><strong>et</strong></span> <span class='ocrx_word' id='word_1_108' title='bbox 1536 1908 1762 1950; x_wconf 83' lang='lat' dir='ltr'><strong>casum.</strong></span> 
     </span>
    </p>

    <p class='ocr_par' dir='ltr' id='par_1_7' title="bbox 726 1986 3131 2263">
     <span class='ocr_line' id='line_1_15' title="bbox 726 1986 3131 2067; baseline -0.001 -14"><span class='ocrx_word' id='word_1_109' title='bbox 726 1990 923 2067; x_wconf 68' lang='lat' dir='ltr'><strong>Capm.</strong></span> <span class='ocrx_word' id='word_1_110' title='bbox 956 1988 1059 2049; x_wconf 87' lang='lat' dir='ltr'><strong>iiii.</strong></span> <span class='ocrx_word' id='word_1_111' title='bbox 1104 1989 1229 2048; x_wconf 87' lang='lat' dir='ltr'><strong>Hic</strong></span> <span class='ocrx_word' id='word_1_112' title='bbox 1270 1998 1480 2049; x_wconf 88' lang='lat' dir='ltr'><strong>tractat</strong></span> <span class='ocrx_word' id='word_1_113' title='bbox 1520 1988 1763 2049; x_wconf 83' lang='lat' dir='ltr'><strong>vlterius</strong></span> <span class='ocrx_word' id='word_1_114' title='bbox 1803 1986 1885 2048; x_wconf 91' lang='lat' dir='ltr'><strong>de</strong></span> <span class='ocrx_word' id='word_1_115' title='bbox 1924 1986 2268 2049; x_wconf 84' lang='lat' dir='ltr'><strong>mutacione</strong></span> <span class='ocrx_word' id='word_1_116' title='bbox 2306 1987 2544 2048; x_wconf 80' lang='lat' dir='ltr'><strong>fortune</strong></span> <span class='ocrx_word' id='word_1_117' title='bbox 2589 1987 2923 2049; x_wconf 87' lang='lat' dir='ltr'><strong>secundum</strong></span> <span class='ocrx_word' id='word_1_118' title='bbox 2963 1989 3131 2067; x_wconf 87' lang='lat' dir='ltr'><strong>quod</strong></span> 
     </span>
     <span class='ocr_line' id='line_1_16' title="bbox 1048 2084 3128 2162; baseline 0.001 -17"><span class='ocrx_word' id='word_1_119' title='bbox 1048 2084 1295 2147; x_wconf 73' lang='lat' dir='ltr'><strong>dicuntx</strong></span> <span class='ocrx_word' id='word_1_120' title='bbox 1336 2085 1645 2147; x_wconf 89' lang='lat' dir='ltr'><strong>concludit</strong></span> <span class='ocrx_word' id='word_1_121' title='bbox 1678 2095 1882 2145; x_wconf 89' lang='lat' dir='ltr'><strong>tamen</strong></span> <span class='ocrx_word' id='word_1_122' title='bbox 1921 2084 1984 2144; x_wconf 88' lang='lat' dir='ltr'><strong>in</strong></span> <span class='ocrx_word' id='word_1_123' title='bbox 2022 2084 2159 2158; x_wconf 83' lang='lat' dir='ltr'><strong>fine,</strong></span> <span class='ocrx_word' id='word_1_124' title='bbox 2191 2084 2358 2162; x_wconf 89' lang='lat' dir='ltr'><strong>quod</strong></span> <span class='ocrx_word' id='word_1_125' title='bbox 2395 2103 2596 2162; x_wconf 90' lang='lat' dir='ltr'><strong>neque</strong></span> <span class='ocrx_word' id='word_1_126' title='bbox 2631 2095 2792 2147; x_wconf 86' lang='lat' dir='ltr'><strong>sorte</strong></span> <span class='ocrx_word' id='word_1_127' title='bbox 2827 2096 2931 2148; x_wconf 84' lang='lat' dir='ltr'><strong>aut</strong></span> <span class='ocrx_word' id='word_1_128' title='bbox 2966 2105 3128 2160; x_wconf 85' lang='lat' dir='ltr'><strong>casu,</strong></span> 
     </span>
     <span class='ocr_line' id='line_1_17' title="bbox 1048 2172 3130 2263; baseline -0.001 -18"><span class='ocrx_word' id='word_1_129' title='bbox 1048 2194 1139 2245; x_wconf 90' lang='lat' dir='ltr'><strong>set</strong></span> <span class='ocrx_word' id='word_1_130' title='bbox 1166 2202 1238 2245; x_wconf 87' lang='lat' dir='ltr'><strong>ex</strong></span> <span class='ocrx_word' id='word_1_131' title='bbox 1267 2184 1489 2245; x_wconf 90' lang='lat' dir='ltr'><strong>meritis</strong></span> <span class='ocrx_word' id='word_1_132' title='bbox 1516 2182 1609 2244; x_wconf 88' lang='lat' dir='ltr'><strong>vel</strong></span> <span class='ocrx_word' id='word_1_133' title='bbox 1638 2182 1960 2257; x_wconf 84' lang='lat' dir='ltr'><strong>demeritis,</strong></span> <span class='ocrx_word' id='word_1_134' title='bbox 1983 2191 2123 2243; x_wconf 88' lang='lat' dir='ltr'><strong>sunt</strong></span> <span class='ocrx_word' id='word_1_135' title='bbox 2149 2172 2222 2242; x_wconf 65' lang='grc' dir='ltr'><strong>ἀι</strong></span> <span class='ocrx_word' id='word_1_136' title='bbox 2241 2199 2362 2259; x_wconf 89' lang='lat' dir='ltr'><strong>que</strong></span> <span class='ocrx_word' id='word_1_137' title='bbox 2382 2182 2730 2243; x_wconf 87' lang='lat' dir='ltr'><strong>hominibus</strong></span> <span class='ocrx_word' id='word_1_138' title='bbox 2756 2184 3130 2263; x_wconf 83' lang='lat' dir='ltr'><strong>contingunt.</strong></span> 
     </span>
    </p>

    <p class='ocr_par' dir='ltr' id='par_1_8' title="bbox 726 2278 3134 2439">
     <span class='ocr_line' id='line_1_18' title="bbox 726 2278 3134 2359; baseline -0.002 -14"><span class='ocrx_word' id='word_1_139' title='bbox 726 2280 927 2359; x_wconf 70' lang='lat' dir='ltr'><strong>Capm.</strong></span> <span class='ocrx_word' id='word_1_140' title='bbox 956 2298 1010 2340; x_wconf 86' lang='lat' dir='ltr'><strong>v.</strong></span> <span class='ocrx_word' id='word_1_141' title='bbox 1070 2280 1196 2341; x_wconf 87' lang='lat' dir='ltr'><strong>Hic</strong></span> <span class='ocrx_word' id='word_1_142' title='bbox 1248 2278 1395 2342; x_wconf 87' lang='lat' dir='ltr'><strong>dicit</strong></span> <span class='ocrx_word' id='word_1_143' title='bbox 1449 2280 1784 2341; x_wconf 86' lang='lat' dir='ltr'><strong>secundum</strong></span> <span class='ocrx_word' id='word_1_144' title='bbox 1840 2280 2156 2357; x_wconf 87' lang='lat' dir='ltr'><strong>scripturas</strong></span> <span class='ocrx_word' id='word_1_145' title='bbox 2211 2289 2273 2340; x_wconf 91' lang='lat' dir='ltr'><strong>et</strong></span> <span class='ocrx_word' id='word_1_146' title='bbox 2325 2280 2556 2357; x_wconf 86' lang='lat' dir='ltr'><strong>allegat,</strong></span> <span class='ocrx_word' id='word_1_147' title='bbox 2614 2280 2867 2358; x_wconf 89' lang='lat' dir='ltr'><strong>qualiter</strong></span> <span class='ocrx_word' id='word_1_148' title='bbox 2919 2299 3134 2343; x_wconf 92' lang='lat' dir='ltr'><strong>omnes</strong></span> 
     </span>
     <span class='ocr_line' id='line_1_19' title="bbox 1048 2376 2446 2439; baseline -0.001 -2"><span class='ocrx_word' id='word_1_149' title='bbox 1048 2386 1315 2439; x_wconf 82' lang='lat' dir='ltr'><strong>creature</strong></span> <span class='ocrx_word' id='word_1_150' title='bbox 1340 2376 1571 2437; x_wconf 85' lang='lat' dir='ltr'><strong>homini</strong></span> <span class='ocrx_word' id='word_1_151' title='bbox 1600 2376 1758 2437; x_wconf 87' lang='lat' dir='ltr'><strong>iusto</strong></span> <span class='ocrx_word' id='word_1_152' title='bbox 1783 2376 2110 2437; x_wconf 86' lang='lat' dir='ltr'><strong>seruientes</strong></span> <span class='ocrx_word' id='word_1_153' title='bbox 2135 2376 2446 2437; x_wconf 88' lang='lat' dir='ltr'><strong>obediunt.</strong></span> 
     </span>
    </p>

    <p class='ocr_par' dir='ltr' id='par_1_9' title="bbox 728 2474 3132 2649">
     <span class='ocr_line' id='line_1_20' title="bbox 728 2474 3132 2553; baseline -0.002 -14"><span class='ocrx_word' id='word_1_154' title='bbox 728 2476 924 2553; x_wconf 81' lang='lat' dir='ltr'><strong>Capm.</strong></span> <span class='ocrx_word' id='word_1_155' title='bbox 956 2474 1032 2536; x_wconf 85' lang='lat' dir='ltr'><strong>vi.</strong></span> <span class='ocrx_word' id='word_1_156' title='bbox 1080 2474 1205 2535; x_wconf 88' lang='lat' dir='ltr'><strong>Hic</strong></span> <span class='ocrx_word' id='word_1_157' title='bbox 1246 2484 1455 2535; x_wconf 84' lang='lat' dir='ltr'><strong>tractat</strong></span> <span class='ocrx_word' id='word_1_158' title='bbox 1496 2475 1831 2535; x_wconf 86' lang='lat' dir='ltr'><strong>secundum</strong></span> <span class='ocrx_word' id='word_1_159' title='bbox 1881 2474 2198 2551; x_wconf 84' lang='lat' dir='ltr'><strong>scripturas</strong></span> <span class='ocrx_word' id='word_1_160' title='bbox 2245 2484 2307 2535; x_wconf 90' lang='lat' dir='ltr'><strong>et</strong></span> <span class='ocrx_word' id='word_1_161' title='bbox 2353 2474 2586 2553; x_wconf 83' lang='lat' dir='ltr'><strong>allegat,</strong></span> <span class='ocrx_word' id='word_1_162' title='bbox 2630 2476 2881 2553; x_wconf 85' lang='lat' dir='ltr'><strong>qualiter</strong></span> <span class='ocrx_word' id='word_1_163' title='bbox 2920 2494 3132 2539; x_wconf 89' lang='lat' dir='ltr'><strong>omnes</strong></span> 
     </span>
     <span class='ocr_line' id='line_1_21' title="bbox 1052 2570 2715 2649; baseline -0.001 -16"><span class='ocrx_word' id='word_1_164' title='bbox 1052 2582 1319 2634; x_wconf 82' lang='lat' dir='ltr'><strong>creature</strong></span> <span class='ocrx_word' id='word_1_165' title='bbox 1345 2572 1575 2633; x_wconf 89' lang='lat' dir='ltr'><strong>homini</strong></span> <span class='ocrx_word' id='word_1_166' title='bbox 1602 2572 1902 2649; x_wconf 86' lang='lat' dir='ltr'><strong>peccatori</strong></span> <span class='ocrx_word' id='word_1_167' title='bbox 1927 2572 2313 2633; x_wconf 84' lang='lat' dir='ltr'><strong>aduersantes</strong></span> <span class='ocrx_word' id='word_1_168' title='bbox 2341 2570 2715 2633; x_wconf 88' lang='lat' dir='ltr'><strong>inobediunt.</strong></span> 
     </span>
    </p>

    <p class='ocr_par' dir='ltr' id='par_1_10' title="bbox 729 2669 3131 2846">
     <span class='ocr_line' id='line_1_22' title="bbox 729 2669 3131 2749; baseline -0.002 -14"><span class='ocrx_word' id='word_1_169' title='bbox 729 2672 924 2749; x_wconf 74' lang='lat' dir='ltr'><strong>Capm.</strong></span> <span class='ocrx_word' id='word_1_170' title='bbox 956 2671 1052 2731; x_wconf 85' lang='lat' dir='ltr'><strong>vii.</strong></span> <span class='ocrx_word' id='word_1_171' title='bbox 1099 2670 1225 2731; x_wconf 91' lang='lat' dir='ltr'><strong>Hic</strong></span> <span class='ocrx_word' id='word_1_172' title='bbox 1260 2669 1524 2748; x_wconf 89' lang='lat' dir='ltr'><strong>loquitur</strong></span> <span class='ocrx_word' id='word_1_173' title='bbox 1554 2669 1635 2731; x_wconf 88' lang='lat' dir='ltr'><strong>de</strong></span> <span class='ocrx_word' id='word_1_174' title='bbox 1661 2669 1781 2731; x_wconf 91' lang='lat' dir='ltr'><strong>deo</strong></span> <span class='ocrx_word' id='word_1_175' title='bbox 1809 2686 2048 2730; x_wconf 88' lang='lat' dir='ltr'><strong>summo</strong></span> <span class='ocrx_word' id='word_1_176' title='bbox 2075 2670 2374 2743; x_wconf 66' lang='lat' dir='ltr'><strong>Creatore,</strong></span> <span class='ocrx_word' id='word_1_177' title='bbox 2407 2670 2510 2748; x_wconf 80' lang='lat' dir='ltr'><strong>qui</strong></span> <span class='ocrx_word' id='word_1_178' title='bbox 2539 2680 2630 2731; x_wconf 87' lang='lat' dir='ltr'><strong>est</strong></span> <span class='ocrx_word' id='word_1_179' title='bbox 2657 2670 2846 2731; x_wconf 89' lang='lat' dir='ltr'><strong>trinus</strong></span> <span class='ocrx_word' id='word_1_180' title='bbox 2871 2682 2932 2733; x_wconf 88' lang='lat' dir='ltr'><strong>et</strong></span> <span class='ocrx_word' id='word_1_181' title='bbox 2959 2690 3131 2743; x_wconf 81' lang='lat' dir='ltr'><strong>vnus,</strong></span> 
     </span>
     <span class='ocr_line' id='line_1_23' title="bbox 1052 2766 2890 2846; baseline 0.001 -19"><span class='ocrx_word' id='word_1_182' title='bbox 1052 2769 1115 2829; x_wconf 89' lang='lat' dir='ltr'><strong>in</strong></span> <span class='ocrx_word' id='word_1_183' title='bbox 1142 2768 1313 2828; x_wconf 88' lang='lat' dir='ltr'><strong>cuius</strong></span> <span class='ocrx_word' id='word_1_184' title='bbox 1341 2768 1589 2829; x_wconf 84' lang='lat' dir='ltr'><strong>scientia</strong></span> <span class='ocrx_word' id='word_1_185' title='bbox 1615 2778 1676 2829; x_wconf 89' lang='lat' dir='ltr'><strong>et</strong></span> <span class='ocrx_word' id='word_1_186' title='bbox 1703 2768 2108 2845; x_wconf 87' lang='lat' dir='ltr'><strong>disposicione</strong></span> <span class='ocrx_word' id='word_1_187' title='bbox 2135 2766 2340 2827; x_wconf 88' lang='lat' dir='ltr'><strong>omnia</strong></span> <span class='ocrx_word' id='word_1_188' title='bbox 2366 2778 2563 2828; x_wconf 59' lang='lat' dir='ltr'><strong>creata</strong></span> <span class='ocrx_word' id='word_1_189' title='bbox 2589 2780 2890 2846; x_wconf 85' lang='lat' dir='ltr'><strong>reguntur.</strong></span> 
     </span>
    </p>

    <p class='ocr_par' dir='ltr' id='par_1_11' title="bbox 730 2863 3134 3042">
     <span class='ocr_line' id='line_1_24' title="bbox 730 2863 3134 2945; baseline -0.001 -15"><span class='ocrx_word' id='word_1_190' title='bbox 730 2868 927 2945; x_wconf 75' lang='lat' dir='ltr'><strong>Capm.</strong></span> <span class='ocrx_word' id='word_1_191' title='bbox 958 2866 1075 2927; x_wconf 87' lang='lat' dir='ltr'><strong>viii.</strong></span> <span class='ocrx_word' id='word_1_192' title='bbox 1120 2866 1246 2927; x_wconf 90' lang='lat' dir='ltr'><strong>Hic</strong></span> <span class='ocrx_word' id='word_1_193' title='bbox 1294 2866 1555 2944; x_wconf 89' lang='lat' dir='ltr'><strong>loquitur</strong></span> <span class='ocrx_word' id='word_1_194' title='bbox 1600 2864 1681 2927; x_wconf 90' lang='lat' dir='ltr'><strong>de</strong></span> <span class='ocrx_word' id='word_1_195' title='bbox 1730 2866 1855 2926; x_wconf 87' lang='lat' dir='ltr'><strong>filio</strong></span> <span class='ocrx_word' id='word_1_196' title='bbox 1900 2863 2000 2926; x_wconf 88' lang='lat' dir='ltr'><strong>dei</strong></span> <span class='ocrx_word' id='word_1_197' title='bbox 2049 2866 2355 2925; x_wconf 88' lang='lat' dir='ltr'><strong>incarnato</strong></span> <span class='ocrx_word' id='word_1_198' title='bbox 2401 2865 2654 2927; x_wconf 90' lang='lat' dir='ltr'><strong>domino</strong></span> <span class='ocrx_word' id='word_1_199' title='bbox 2702 2877 2907 2928; x_wconf 90' lang='lat' dir='ltr'><strong>nostro</strong></span> <span class='ocrx_word' id='word_1_200' title='bbox 2953 2867 3134 2928; x_wconf 88' lang='lat' dir='ltr'><strong>Ihesu</strong></span> 
     </span>
     <span class='ocr_line' id='line_1_25' title="bbox 1054 2962 2694 3042; baseline -0.002 -16"><span class='ocrx_word' id='word_1_201' title='bbox 1054 2963 1267 3037; x_wconf 82' lang='lat' dir='ltr'><strong>Cristo,</strong></span> <span class='ocrx_word' id='word_1_202' title='bbox 1298 2981 1404 3041; x_wconf 88' lang='lat' dir='ltr'><strong>per</strong></span> <span class='ocrx_word' id='word_1_203' title='bbox 1432 2981 1613 3042; x_wconf 86' lang='lat' dir='ltr'><strong>quem</strong></span> <span class='ocrx_word' id='word_1_204' title='bbox 1640 2963 1721 3024; x_wconf 91' lang='lat' dir='ltr'><strong>de</strong></span> <span class='ocrx_word' id='word_1_205' title='bbox 1748 2963 1909 3023; x_wconf 89' lang='lat' dir='ltr'><strong>malo</strong></span> <span class='ocrx_word' id='word_1_206' title='bbox 1937 2964 1998 3022; x_wconf 89' lang='lat' dir='ltr'><strong>in</strong></span> <span class='ocrx_word' id='word_1_207' title='bbox 2028 2962 2258 3023; x_wconf 87' lang='lat' dir='ltr'><strong>bonum</strong></span> <span class='ocrx_word' id='word_1_208' title='bbox 2289 2962 2694 3023; x_wconf 84' lang='lat' dir='ltr'><strong>reformamur.</strong></span> 
     </span>
    </p>

    <p class='ocr_par' dir='ltr' id='par_1_12' title="bbox 731 3060 3135 3237">
     <span class='ocr_line' id='line_1_26' title="bbox 731 3060 3135 3141; baseline -0.001 -16"><span class='ocrx_word' id='word_1_209' title='bbox 731 3060 929 3140; x_wconf 70' lang='lat' dir='ltr'><strong>Capffl.</strong></span> <span class='ocrx_word' id='word_1_210' title='bbox 960 3061 1033 3121; x_wconf 87' lang='lat' dir='ltr'><strong>ix.</strong></span> <span class='ocrx_word' id='word_1_211' title='bbox 1084 3061 1207 3121; x_wconf 90' lang='lat' dir='ltr'><strong>Hic</strong></span> <span class='ocrx_word' id='word_1_212' title='bbox 1236 3062 1383 3121; x_wconf 88' lang='lat' dir='ltr'><strong>dicit</strong></span> <span class='ocrx_word' id='word_1_213' title='bbox 1410 3061 1574 3138; x_wconf 86' lang='lat' dir='ltr'><strong>quod</strong></span> <span class='ocrx_word' id='word_1_214' title='bbox 1602 3060 1856 3139; x_wconf 88' lang='lat' dir='ltr'><strong>quilibet</strong></span> <span class='ocrx_word' id='word_1_215' title='bbox 1883 3060 2068 3123; x_wconf 85' lang='lat' dir='ltr'><strong>debet</strong></span> <span class='ocrx_word' id='word_1_216' title='bbox 2091 3060 2334 3121; x_wconf 86' lang='lat' dir='ltr'><strong>firmiter</strong></span> <span class='ocrx_word' id='word_1_217' title='bbox 2359 3060 2619 3135; x_wconf 88' lang='lat' dir='ltr'><strong>credere,</strong></span> <span class='ocrx_word' id='word_1_218' title='bbox 2643 3079 2757 3122; x_wconf 89' lang='lat' dir='ltr'><strong>nec</strong></span> <span class='ocrx_word' id='word_1_219' title='bbox 2783 3062 2932 3122; x_wconf 79' lang='lat' dir='ltr'><strong>vltra</strong></span> <span class='ocrx_word' id='word_1_220' title='bbox 2951 3079 3135 3141; x_wconf 89' lang='lat' dir='ltr'><strong>quam</strong></span> 
     </span>
     <span class='ocr_line' id='line_1_27' title="bbox 1052 3156 2172 3237; baseline -0.002 -17"><span class='ocrx_word' id='word_1_221' title='bbox 1052 3156 1229 3220; x_wconf 89' lang='lat' dir='ltr'><strong>decet</strong></span> <span class='ocrx_word' id='word_1_222' title='bbox 1254 3169 1603 3235; x_wconf 84' lang='lat' dir='ltr'><strong>argumenta</strong></span> <span class='ocrx_word' id='word_1_223' title='bbox 1630 3159 1772 3220; x_wconf 82' lang='lat' dir='ltr'><strong>fidei</strong></span> <span class='ocrx_word' id='word_1_224' title='bbox 1801 3158 2172 3237; x_wconf 83' lang='lat' dir='ltr'><strong>inuestigare.</strong></span> 
     </span>
    </p>

    <p class='ocr_par' dir='ltr' id='par_1_13' title="bbox 732 3256 3140 3611">
     <span class='ocr_line' id='line_1_28' title="bbox 732 3256 3140 3335; baseline -0.001 -14"><span class='ocrx_word' id='word_1_225' title='bbox 732 3259 927 3335; x_wconf 70' lang='lat' dir='ltr'><strong>Capto.</strong></span> <span class='ocrx_word' id='word_1_226' title='bbox 958 3276 1015 3317; x_wconf 87' lang='lat' dir='ltr'><strong>x.</strong></span> <span class='ocrx_word' id='word_1_227' title='bbox 1063 3256 1186 3316; x_wconf 89' lang='lat' dir='ltr'><strong>Hic</strong></span> <span class='ocrx_word' id='word_1_228' title='bbox 1213 3265 1424 3317; x_wconf 81' lang='lat' dir='ltr'><strong>tractat</strong></span> <span class='ocrx_word' id='word_1_229' title='bbox 1451 3256 1619 3333; x_wconf 90' lang='lat' dir='ltr'><strong>quod</strong></span> <span class='ocrx_word' id='word_1_230' title='bbox 1647 3257 1709 3316; x_wconf 88' lang='lat' dir='ltr'><strong>in</strong></span> <span class='ocrx_word' id='word_1_231' title='bbox 1739 3275 1802 3318; x_wconf 89' lang='lat' dir='ltr'><strong>re</strong></span> <span class='ocrx_word' id='word_1_232' title='bbox 1828 3258 2086 3334; x_wconf 85' lang='lat' dir='ltr'><strong>sculptili</strong></span> <span class='ocrx_word' id='word_1_233' title='bbox 2113 3257 2207 3317; x_wconf 85' lang='lat' dir='ltr'><strong>vel</strong></span> <span class='ocrx_word' id='word_1_234' title='bbox 2237 3256 2522 3319; x_wconf 85' lang='lat' dir='ltr'><strong>conflatili</strong></span> <span class='ocrx_word' id='word_1_235' title='bbox 2553 3275 2676 3318; x_wconf 90' lang='lat' dir='ltr'><strong>non</strong></span> <span class='ocrx_word' id='word_1_236' title='bbox 2716 3268 2806 3319; x_wconf 90' lang='lat' dir='ltr'><strong>est</strong></span> <span class='ocrx_word' id='word_1_237' title='bbox 2833 3257 3140 3319; x_wconf 85' lang='lat' dir='ltr'><strong>confiden-</strong></span> 
     </span>
     <span class='ocr_line' id='line_1_29' title="bbox 1052 3352 3138 3434; baseline -0.001 -17"><span class='ocrx_word' id='word_1_238' title='bbox 1052 3352 1223 3425; x_wconf 87' lang='lat' dir='ltr'><strong>dum,</strong></span> <span class='ocrx_word' id='word_1_239' title='bbox 1266 3370 1380 3414; x_wconf 89' lang='lat' dir='ltr'><strong>nec</strong></span> <span class='ocrx_word' id='word_1_240' title='bbox 1427 3354 1619 3415; x_wconf 87' lang='lat' dir='ltr'><strong>eciam</strong></span> <span class='ocrx_word' id='word_1_241' title='bbox 1667 3354 1808 3414; x_wconf 87' lang='lat' dir='ltr'><strong>talia</strong></span> <span class='ocrx_word' id='word_1_242' title='bbox 1855 3354 2088 3415; x_wconf 85' lang='lat' dir='ltr'><strong>adorari</strong></span> <span class='ocrx_word' id='word_1_243' title='bbox 2135 3354 2379 3429; x_wconf 88' lang='lat' dir='ltr'><strong>debent,</strong></span> <span class='ocrx_word' id='word_1_244' title='bbox 2431 3365 2524 3417; x_wconf 87' lang='lat' dir='ltr'><strong>set</strong></span> <span class='ocrx_word' id='word_1_245' title='bbox 2570 3356 2738 3434; x_wconf 89' lang='lat' dir='ltr'><strong>quod</strong></span> <span class='ocrx_word' id='word_1_246' title='bbox 2785 3372 2858 3415; x_wconf 84' lang='lat' dir='ltr'><strong>ex</strong></span> <span class='ocrx_word' id='word_1_247' title='bbox 2912 3354 3024 3415; x_wconf 84' lang='lat' dir='ltr'><strong>illis</strong></span> <span class='ocrx_word' id='word_1_248' title='bbox 3073 3355 3138 3414; x_wconf 88' lang='lat' dir='ltr'><strong>in</strong></span> 
     </span>
     <span class='ocr_line' id='line_1_30' title="bbox 1054 3451 3139 3531; baseline -0.001 -17"><span class='ocrx_word' id='word_1_249' title='bbox 1054 3451 1307 3514; x_wconf 87' lang='lat' dir='ltr'><strong>ecclesia</strong></span> <span class='ocrx_word' id='word_1_250' title='bbox 1340 3451 1479 3512; x_wconf 83' lang='lat' dir='ltr'><strong>visis</strong></span> <span class='ocrx_word' id='word_1_251' title='bbox 1518 3470 1688 3513; x_wconf 86' lang='lat' dir='ltr'><strong>mens</strong></span> <span class='ocrx_word' id='word_1_252' title='bbox 1729 3470 1992 3514; x_wconf 86' lang='lat' dir='ltr'><strong>remorsa</strong></span> <span class='ocrx_word' id='word_1_253' title='bbox 2026 3451 2108 3513; x_wconf 89' lang='lat' dir='ltr'><strong>ad</strong></span> <span class='ocrx_word' id='word_1_254' title='bbox 2143 3452 2341 3513; x_wconf 88' lang='lat' dir='ltr'><strong>solum</strong></span> <span class='ocrx_word' id='word_1_255' title='bbox 2379 3453 2560 3514; x_wconf 86' lang='lat' dir='ltr'><strong>deum</strong></span> <span class='ocrx_word' id='word_1_256' title='bbox 2603 3452 3139 3531; x_wconf 86' lang='lat' dir='ltr'><strong>contemplandum</strong></span> 
     </span>
     <span class='ocr_line' id='line_1_31' title="bbox 1055 3549 1740 3611; baseline 0 -2"><span class='ocrx_word' id='word_1_257' title='bbox 1055 3549 1241 3611; x_wconf 86' lang='lat' dir='ltr'><strong>cicius</strong></span> <span class='ocrx_word' id='word_1_258' title='bbox 1268 3559 1740 3611; x_wconf 86' lang='lat' dir='ltr'><strong>commoneatur.</strong></span> 
     </span>
    </p>

    <p class='ocr_par' dir='ltr' id='par_1_14' title="bbox 734 3645 3142 3825">
     <span class='ocr_line' id='line_1_32' title="bbox 734 3645 3142 3726; baseline -0 -16"><span class='ocrx_word' id='word_1_259' title='bbox 734 3648 927 3725; x_wconf 81' lang='lat' dir='ltr'><strong>Capm.</strong></span> <span class='ocrx_word' id='word_1_260' title='bbox 962 3648 1036 3708; x_wconf 85' lang='lat' dir='ltr'><strong>xi.</strong></span> <span class='ocrx_word' id='word_1_261' title='bbox 1083 3648 1208 3708; x_wconf 90' lang='lat' dir='ltr'><strong>Hic</strong></span> <span class='ocrx_word' id='word_1_262' title='bbox 1248 3645 1395 3708; x_wconf 90' lang='lat' dir='ltr'><strong>dicit</strong></span> <span class='ocrx_word' id='word_1_263' title='bbox 1437 3647 1602 3726; x_wconf 89' lang='lat' dir='ltr'><strong>quod</strong></span> <span class='ocrx_word' id='word_1_264' title='bbox 1644 3665 1842 3725; x_wconf 83' lang='lat' dir='ltr'><strong>exquo</strong></span> <span class='ocrx_word' id='word_1_265' title='bbox 1890 3647 2055 3708; x_wconf 85' lang='lat' dir='ltr'><strong>solus</strong></span> <span class='ocrx_word' id='word_1_266' title='bbox 2102 3647 2254 3709; x_wconf 88' lang='lat' dir='ltr'><strong>deus</strong></span> <span class='ocrx_word' id='word_1_267' title='bbox 2295 3648 2499 3709; x_wconf 89' lang='lat' dir='ltr'><strong>omnia</strong></span> <span class='ocrx_word' id='word_1_268' title='bbox 2554 3650 2794 3722; x_wconf 86' lang='lat' dir='ltr'><strong>creauit,</strong></span> <span class='ocrx_word' id='word_1_269' title='bbox 2839 3648 3001 3709; x_wconf 87' lang='lat' dir='ltr'><strong>solus</strong></span> <span class='ocrx_word' id='word_1_270' title='bbox 3049 3660 3142 3709; x_wconf 66' lang='lat' dir='ltr'><strong>est</strong></span> 
     </span>
     <span class='ocr_line' id='line_1_33' title="bbox 1056 3744 3142 3825; baseline 0 -20"><span class='ocrx_word' id='word_1_271' title='bbox 1056 3762 1093 3805; x_wconf 89' lang='lat' dir='ltr'><strong>a</strong></span> <span class='ocrx_word' id='word_1_272' title='bbox 1138 3746 1420 3805; x_wconf 76' lang='lat' dir='ltr'><strong>creaturis</strong></span> <span class='ocrx_word' id='word_1_273' title='bbox 1466 3744 1826 3818; x_wconf 86' lang='lat' dir='ltr'><strong>adorandus,</strong></span> <span class='ocrx_word' id='word_1_274' title='bbox 1877 3755 1938 3807; x_wconf 91' lang='lat' dir='ltr'><strong>et</strong></span> <span class='ocrx_word' id='word_1_275' title='bbox 1981 3755 2072 3807; x_wconf 87' lang='lat' dir='ltr'><strong>est</strong></span> <span class='ocrx_word' id='word_1_276' title='bbox 2112 3748 2304 3807; x_wconf 89' lang='lat' dir='ltr'><strong>eciam</strong></span> <span class='ocrx_word' id='word_1_277' title='bbox 2345 3765 2562 3825; x_wconf 83' lang='lat' dir='ltr'><strong>magne</strong></span> <span class='ocrx_word' id='word_1_278' title='bbox 2601 3746 2856 3807; x_wconf 86' lang='lat' dir='ltr'><strong>racionis</strong></span> <span class='ocrx_word' id='word_1_279' title='bbox 2901 3756 2966 3806; x_wconf 90' lang='lat' dir='ltr'><strong>vt</strong></span> <span class='ocrx_word' id='word_1_280' title='bbox 3011 3746 3142 3823; x_wconf 90' lang='lat' dir='ltr'><strong>ipse</strong></span> 
     </span>
    </p>
   </div>
   <div class='ocr_carea' id='block_1_4' title="bbox 1055 3839 3140 4001">
    <p class='ocr_par' dir='ltr' id='par_1_15' title="bbox 1055 3839 3140 4001">
     <span class='ocr_line' id='line_1_34' title="bbox 1055 3839 3140 3919; baseline 0.001 -19"><span class='ocrx_word' id='word_1_281' title='bbox 1055 3841 1260 3901; x_wconf 88' lang='lat' dir='ltr'><strong>omnia</strong></span> <span class='ocrx_word' id='word_1_282' title='bbox 1298 3839 1607 3919; x_wconf 84' lang='lat' dir='ltr'><strong>gubernet,</strong></span> <span class='ocrx_word' id='word_1_283' title='bbox 1651 3852 1714 3903; x_wconf 90' lang='lat' dir='ltr'><strong>et</strong></span> <span class='ocrx_word' id='word_1_284' title='bbox 1754 3844 2086 3904; x_wconf 86' lang='lat' dir='ltr'><strong>secundum</strong></span> <span class='ocrx_word' id='word_1_285' title='bbox 2129 3845 2340 3905; x_wconf 89' lang='lat' dir='ltr'><strong>merita</strong></span> <span class='ocrx_word' id='word_1_286' title='bbox 2379 3854 2441 3905; x_wconf 89' lang='lat' dir='ltr'><strong>et</strong></span> <span class='ocrx_word' id='word_1_287' title='bbox 2486 3844 2778 3904; x_wconf 84' lang='lat' dir='ltr'><strong>demerita</strong></span> <span class='ocrx_word' id='word_1_288' title='bbox 2823 3842 3140 3904; x_wconf 87' lang='lat' dir='ltr'><strong>hominum</strong></span> 
     </span>
     <span class='ocr_line' id='line_1_35' title="bbox 1058 3936 2044 4001; baseline 0.003 -3"><span class='ocrx_word' id='word_1_289' title='bbox 1058 3936 1219 3999; x_wconf 87' lang='lat' dir='ltr'><strong>solus</strong></span> <span class='ocrx_word' id='word_1_290' title='bbox 1248 3938 1306 3997; x_wconf 90' lang='lat' dir='ltr'><strong>in</strong></span> <span class='ocrx_word' id='word_1_291' title='bbox 1337 3956 1444 3999; x_wconf 89' lang='lat' dir='ltr'><strong>sua</strong></span> <span class='ocrx_word' id='word_1_292' title='bbox 1472 3939 1778 4001; x_wconf 82' lang='lat' dir='ltr'><strong>voluntate</strong></span> <span class='ocrx_word' id='word_1_293' title='bbox 1807 3940 2044 4001; x_wconf 88' lang='lat' dir='ltr'><strong>iudicet.</strong></span> 
     </span>
    </p>
   </div>
   <div class='ocr_carea' id='block_1_5' title="bbox 1284 4084 2568 4161">
    <p class='ocr_par' dir='ltr' id='par_1_16' title="bbox 1284 4084 2568 4161">
     <span class='ocr_line' id='line_1_36' title="bbox 1284 4084 2568 4161; baseline 0.005 -16"><span class='ocrx_word' id='word_1_294' title='bbox 1284 4084 1674 4159; x_wconf 85' lang='lat' dir='ltr'><strong>Expliciunt</strong></span> <span class='ocrx_word' id='word_1_295' title='bbox 1712 4085 2030 4161; x_wconf 74' lang='lat' dir='ltr'><strong>capitula</strong></span> <span class='ocrx_word' id='word_1_296' title='bbox 2069 4087 2227 4147; x_wconf 80' lang='lat' dir='ltr'><strong>libri</strong></span> <span class='ocrx_word' id='word_1_297' title='bbox 2269 4086 2568 4151; x_wconf 78' lang='lat' dir='ltr'><strong>secundi.</strong></span> 
     </span>
    </p>
   </div>
   <div class='ocr_carea' id='block_1_6' title="bbox 744 4256 3144 4403">
    <p class='ocr_par' dir='ltr' id='par_1_17' title="bbox 744 4256 3144 4403">
     <span class='ocr_line' id='line_1_37' title="bbox 801 4256 3144 4328; baseline 0.003 -23"><span class='ocrx_word' id='word_1_298' title='bbox 801 4256 869 4307; x_wconf 85' lang='lat' dir='ltr'><strong>iii.</strong></span> <span class='ocrx_word' id='word_1_299' title='bbox 893 4270 925 4307; x_wconf 74' lang='lat' dir='ltr'><strong>o</strong></span> <span class='ocrx_word' id='word_1_300' title='bbox 958 4262 1013 4307; x_wconf 85' lang='lat' dir='ltr'><strong>et</strong></span> <span class='ocrx_word' id='word_1_301' title='bbox 1034 4271 1135 4307; x_wconf 82' lang='lat' dir='ltr'><strong>om.</strong></span> <span class='ocrx_word' id='word_1_302' title='bbox 1164 4256 1211 4307; x_wconf 90' lang='lat' dir='ltr'>D</span> <span class='ocrx_word' id='word_1_303' title='bbox 1484 4256 1574 4310; x_wconf 88' lang='lat' dir='ltr'><strong>iiii.</strong></span> <span class='ocrx_word' id='word_1_304' title='bbox 1612 4258 1651 4309; x_wconf 89' lang='lat' dir='ltr'>S</span> <span class='ocrx_word' id='word_1_305' title='bbox 1674 4258 1773 4309; x_wconf 73' lang='lat' dir='ltr'><strong>has</strong></span> <span class='ocrx_word' id='word_1_306' title='bbox 1790 4258 1888 4309; x_wconf 72' lang='lat' dir='ltr'><strong>lost</strong></span> <span class='ocrx_word' id='word_1_307' title='bbox 1907 4275 1942 4309; x_wconf 81' lang='lat' dir='ltr'><strong>a</strong></span> <span class='ocrx_word' id='word_1_308' title='bbox 1963 4258 2075 4324; x_wconf 73' lang='lat' dir='ltr'><strong>leus</strong></span> <span class='ocrx_word' id='word_1_309' title='bbox 2083 4260 2220 4328; x_wconf 87' lang='lat' dir='ltr'><strong>(Lib.</strong></span> <span class='ocrx_word' id='word_1_310' title='bbox 2248 4259 2316 4311; x_wconf 89' lang='lat'><strong>11.</strong></span> <span class='ocrx_word' id='word_1_311' title='bbox 2345 4260 2598 4312; x_wconf 86' lang='lat' dir='ltr'><strong>iiii—Lib.</strong></span> <span class='ocrx_word' id='word_1_312' title='bbox 2625 4259 2718 4312; x_wconf 89' lang='lat'><strong>111.</strong></span> <span class='ocrx_word' id='word_1_313' title='bbox 2745 4260 2870 4325; x_wconf 80' lang='lat' dir='ltr'><strong>xxii,</strong></span> <span class='ocrx_word' id='word_1_314' title='bbox 2897 4259 3144 4325; x_wconf 77' lang='lat' dir='ltr'><strong>luxurie).</strong></span> 
     </span>
     <span class='ocr_line' id='line_1_38' title="bbox 744 4332 1978 4403; baseline 0 -17"><span class='ocrx_word' id='word_1_315' title='bbox 744 4332 1071 4397; x_wconf 73' lang='lat' dir='ltr'><strong>Yextsollows</strong></span> <span class='ocrx_word' id='word_1_316' title='bbox 1091 4334 1133 4385; x_wconf 88' lang='lat' dir='ltr'>C</span> <span class='ocrx_word' id='word_1_317' title='bbox 1330 4350 1378 4384; x_wconf 83' lang='lat' dir='ltr'><strong>v.</strong></span> <span class='ocrx_word' id='word_1_318' title='bbox 1422 4332 1541 4385; x_wconf 72' lang='grc' dir='ltr'><strong>Πιίε</strong></span> <span class='ocrx_word' id='word_1_319' title='bbox 1558 4334 1778 4403; x_wconf 66' lang='lat' dir='ltr'><strong>leading</strong></span> <span class='ocrx_word' id='word_1_320' title='bbox 1796 4352 1902 4389; x_wconf 82' lang='lat' dir='ltr'><strong>om.</strong></span> <span class='ocrx_word' id='word_1_321' title='bbox 1930 4336 1978 4386; x_wconf 91' lang='lat' dir='ltr'><strong>D</strong></span> 
     </span>
    </p>
   </div>
   <div class='ocr_carea' id='block_1_7' title="bbox 3425 612 3430 1195">
    <p class='ocr_par' dir='ltr' id='par_1_18' title="bbox 3425 612 3430 1195">
     <span class='ocr_line' id='line_1_39' title="bbox 3425 612 3430 1195; baseline 0 0"><span class='ocrx_word' id='word_1_322' title='bbox 3425 612 3430 1195; x_wconf 95' lang='lat' dir='ltr'><strong> </strong></span> 
     </span>
    </p>
   </div>
  </div>
 </body>
</html>
