3434 5142
827 471 955 552 358
1408 465 1638 531 ECCE
1699 462 1996 529 PATET
2053 459 2425 527 TENSUS
2488 479 2635 527 tre.

1162 1141 1282 1184 cen:
1321 1133 1486 1202 patet
1525 1133 1731 1184 tensus
1771 1120 1899 1182 ceci
1941 1119 2259 1199 Cupidinis
2298 1139 2490 1194 arcuS,

1203 1223 1383 1282 Vnde
1423 1219 1635 1298 sagitta
1671 1221 1881 1281 volans
1922 1220 2098 1280 ardor
2135 1217 2355 1278 amoris
2394 1218 2521 1280 erit.

1001 1316 1226 1379 Omnia
1264 1317 1448 1378 vincit
1487 1337 1672 1392 amor,
1717 1335 1896 1378 cecus
1937 1329 2139 1377 tamen
2181 1326 2335 1377 errat
2372 1315 2614 1394 vbique,
2719 1383 2731 1396 ‚

1003 1417 1144 1490 Quo
1186 1414 1300 1474 sibi
1341 1413 1631 1475 directum
1674 1435 1915 1493 carpere
1956 1414 2147 1476 noecit
2187 1413 2311 1474 iter.

1004 1514 1116 1572 Ille
1157 1531 1298 1572 suos
1339 1514 1594 1573 famulos
1635 1511 1718 1572 ita
1758 1531 1935 1574 cecos
1974 1511 2141 1573 ducit
2180 1521 2467 1586 amantes,

1005 1611 1189 1686 Quod
1231 1608 1346 1670 sibi
1385 1608 1533 1688 quid
1568 1610 1782 1670 decent
1820 1628 1945 1670 non
1983 1607 2147 1670 videt
2186 1610 2337 1670 vllus
2376 1627 2621 1669 amans:

1004 1705 1102 1766 Sic
1143 1707 1352 1767 oculus
1393 1705 1590 1767 cordis
1630 1703 1825 1766 carnis
1865 1703 2119 1783 caligine
2157 1724 2335 1766 cecus

1005 1802 1264 1876 Decidit,
1311 1814 1370 1864 et
1410 1803 1572 1865 racio
1611 1803 1696 1863 nil
1738 1802 1994 1863 racionis
2034 1803 2233 1863 habet.

1007 1900 1104 1960 Sic
1145 1920 1316 1961 amor
1355 1921 1428 1962 ex
1468 1903 1620 1962 velle
1661 1900 1826 1975 viuit,
1872 1920 2055 1978 quem
2096 1921 2239 1962 ceca
2278 1902 2552 1978 voluptas

1005 1997 1223 2072 Nutrit,
1267 2008 1328 2060 et
1367 2000 1446 2059 ad
1487 1998 1773 2076 placitum
1816 2009 2033 2058 cuncta
2072 1997 2365 2058 ministrat
2404 1997 2499 2072 ei3
2996 2017 3063 2055 10

1006 2096 1253 2173 Subque
1293 2093 1414 2155 suis
1454 2094 1568 2156 alis
1606 2097 1869 2156 mundus
1908 2093 2225 2172 requiescit
2264 2092 2329 2154 in
2368 2095 2593 2168 vuabra,

1008 2192 1084 2251 Et
1125 2211 1233 2252 sua
1271 2203 1553 2270 precepta
1591 2191 1863 2270 quisquis
1902 2190 2125 2269 vbique
2163 2190 2321 2251 facit.

1009 2290 1150 2366 Ipse
1189 2301 1510 2350 coronatus
1549 2288 1762 2368 inopes
1804 2289 1981 2349 simul
2020 2299 2203 2366 atque
2242 2298 2519 2367 potentes

1006 2387 1238 2448 Omnes
1278 2389 1408 2465 lege
1449 2384 1576 2466 pari
1616 2385 1861 2447 conficit
1900 2403 2031 2446 esse
2070 2404 2259 2464 pares.

1006 2482 1105 2543 Sic
1144 2504 1314 2545 amor
1353 2504 1535 2545 omne
1575 2485 1801 2557 domat,
1846 2482 2134 2562 quicquid
2174 2493 2385 2543 natura
2426 2481 2666 2557 creauit,

1010 2584 1088 2641 Et
1129 2593 1331 2642 tamen
1373 2579 1699 2642 indomitus
1742 2581 1873 2659 ipse
1910 2599 2017 2660 per
2056 2597 2237 2641 omne
2278 2591 2517 2640 manet:

1009 2679 1286 2739 Carcerat
1327 2690 1387 2739 et
1429 2677 1680 2752 redimit,
1726 2677 1867 2756 ligat
1906 2689 2088 2756 atque
2128 2677 2306 2756 ligata
2344 2676 2607 2750 resoluit,

1009 2777 1300 2836 Vulnerat
1342 2793 1524 2836 omne
1563 2795 1778 2854 genuS,
1814 2795 1931 2836 nec
1972 2774 2087 2836 sibi
2128 2777 2345 2835 vulnus
2386 2775 2587 2836 habet.

1009 2875 1153 2932 Non
1194 2886 1397 2934 manet
1439 2872 1502 2933 in
1545 2871 1712 2934 terris
1754 2873 1858 2951 q'ui
1900 2873 2085 2951 prelia
2124 2872 2309 2933 vincit
2348 2871 2584 2946 αιτιοι-15,

1008 2972 1140 3032 Nec
1181 2969 1295 3032 sibi
1337 2971 1470 3050 quis
1513 2973 1682 3034 firme
1722 2973 1926 3033 federa
1966 2970 2130 3050 pacis
2172 2971 2391 3032 habet:
2997 2995 3067 3032 πο

1009 3068 1356 3147 Sampsonis
1397 3068 1566 3144 vires,
1609 3069 1843 3147 gladius
1884 3087 2083 3147 neque
2127 3068 2331 3150 Dauid
2371 3067 2435 3128 in
2474 3067 2601 3128 ist'is

1011 3166 1180 3242 Quid
1222 3165 1434 3240 laudiS,
1479 3186 1690 3227 sensus
1730 3177 1837 3226 aut
1878 3165 2233 3239 SalomoniS‚
2278 3165 2521 3226 habent.

1090 3264 1147 3324 O
1187 3275 1398 3324 natura
1436 3262 1560 3338 viri,
1604 3263 1822 3342 poterit
1862 3283 2043 3342 quam
2086 3265 2291 3325 tollere
2334 3281 2536 3336 nemo5

1009 3361 1142 3420 Nec
1181 3372 1385 3422 tamen
1425 3373 1668 3422 excusat
1707 3363 1874 3439 quod
1916 3360 2057 3422 facit
2096 3360 2227 3439 ipsa
2266 3362 2530 3421 malum!

1012 3459 1069 3519 O
1111 3470 1321 3519 natura
1361 3456 1485 3533 viri,
1530 3478 1650 3536 que
1689 3469 1999 3519 naturatur
2036 3461 2253 3519 eodem

1011 3557 1196 3632 Quod
1236 3554 1419 3617 vitare
1460 3555 1684 3633 nequit,
1730 3575 1843 3617 nec
1882 3555 2023 3618 licet
2062 3554 2212 3617 illud
2251 3555 2381 3633 agi!

1013 3655 1070 3714 O
1111 3665 1322 3714 natura
1362 3651 1486 3728 viri,
1532 3654 1656 3714 duo
1698 3674 1817 3733 que
1860 3653 2153 3716 contraria
2194 3652 2379 3714 mixta

1010 3750 1312 3824 Continet,
1355 3750 1671 3811 amborum
1712 3771 1827 3812 nec
1867 3751 2005 3812 licet
2044 3761 2179 3810 acta
2216 3747 2423 3827 sequi!

1013 3848 1070 3908 O
1111 3859 1322 3910 natura
1361 3846 1485 3922 viri,
1529 3868 1649 3926 que
1690 3869 1927 3926 semper
1966 3848 2149 3909 habet
2190 3847 2304 3907 sibi
2346 3847 2572 3908 bellum

1014 3945 1294 4023 Corporis
1335 3965 1407 4006 ac
1447 3945 1664 4020 anime,
1709 3965 1829 4023 que
1870 3966 1979 4008 sua
2019 3945 2146 4005 iura
2184 3949 2433 4023 petunt}
2632 3959 2635 3964 ·
3002 3967 3068 4018 30

1009 4040 1107 4101 Sic
1149 4039 1335 4120 magis
1375 4041 1512 4120 igne
1553 4063 1666 4104 suo
1707 4043 1950 4122 Cupido
1989 4043 2211 4122 perurit
2252 4051 2563 4103 amantum

1014 4143 1091 4198 Et
1133 4141 1302 4216 quasi
1343 4142 1422 4202 de
1463 4140 1623 4201 bello
1664 4143 1848 4202 corda
1890 4142 2137 4202 subacta
2178 4151 2358 4201 tenet.

1014 4237 1138 4312 Qui
1178 4240 1302 4297 vult
1343 4257 1485 4315 ergo
1526 4257 1634 4300 sue
1674 4237 1868 4298 carnis
1910 4257 2292 4316 compescere
2332 4238 2659 4309 flammam,

915 4369 928 4394 ⁸
945 4366 1082 4416 Ecce
1127 4373 1268 4429 patet
1319 4373 1504 4418 tensus
1519 4368 1532 4388 ⁹
1579 4371 1671 4420 διο.
1769 4367 1887 4418 Ylu’s
1922 4368 2124 4433 follows
2174 4368 2253 4418 tlte
2300 4367 2565 4418 Cinknnte
2614 4365 2838 4416 Balades
2882 4366 2938 4416 in
2980 4367 3064 4417 tlu

855 4444 1126 4496 Tnntham
1162 4439 1274 4496 MS,
