3434 5142
1189 498 1476 564 LIBER
1532 500 1945 577 TERCIUS
2552 507 2667 567 161

537 681 660 738 Hic
681 682 960 752 loquitur
985 683 1063 738 de
1087 682 1574 753 presbiterorum
1599 684 1917 753 dignitate
1946 684 2283 755 spirituali.
2306 688 2373 743 et
2402 686 2676 756 quanter

2 768 9 865 ᾗ
465 768 576 834 lm.
601 770 663 826 si
684 772 847 827 bene
872 775 1076 840 agant
1099 786 1222 827 oua
1243 772 1468 836 officia,
1494 773 1637 842 plus
1663 773 1813 827 aliis
1836 772 2203 843 proficiunt:
2240 774 2576 838 sinautem,
2598 773 2674 830 de

2 932 10 1005 *³
183 970 382 1049 Capm.
415 970 584 1032 xxvii.

467 857 606 914 ouis
629 859 822 915 malis
844 858 1150 930 exemplis
1172 860 1572 929 delinquendi
1591 862 1801 930 magis
1824 862 2195 919 ministrent
2216 863 2606 919 occa-iones.

711 972 1030 1034 Presbiteri
1069 974 1136 1033 fit
1175 992 1427 1051 magnus
1467 974 1662 1034 honor
1701 974 2011 1053 maiorque
2049 986 2331 1055 potestas,

632 1069 696 1131 Si
737 1072 945 1150 procul
985 1090 1023 1131 a
1061 1068 1229 1131 viciis
1269 1070 1346 1131 sit
1385 1070 1520 1150 pius
1559 1083 1743 1150 atque
1784 1072 1997 1135 bonus·

634 1166 744 1229 Hii
784 1167 1140 1229 sacramenti
1179 1168 1456 1230 manibus
1497 1169 1759 1231 misteria
1799 1169 2019 1231 summi

634 1268 937 1341 Tractant,
983 1286 1106 1345 quo
1146 1267 1332 1328 verbo
1373 1269 1439 1328 fit
1480 1286 1618 1328 caro
1658 1267 1864 1328 iuncta
1904 1271 2023 1329 deo
2050 1290 2065 1329 ι

635 1363 864 1442 Hiique
904 1367 1099 1426 scelus
1138 1367 1376 1426 lauacro
1415 1364 1696 1445 baptismi
1736 1368 1943 1427 tollere
1983 1376 2191 1428 sancto

637 1463 911 1537 Possunt,
955 1482 1080 1541 quo
1120 1462 1344 1541 primus
1385 1463 1605 1524 corruit
1643 1462 1775 1542 ipse
1814 1483 2029 1542 parens
2058 1484 2072 1524 ε

637 1558 747 1620 Hii
787 1580 1031 1639 quoque
1070 1563 1200 1639 lege
1239 1581 1402 1621 noua
1440 1562 1745 1623 celebrant
1785 1561 2085 1641 sponsalia
2123 1572 2341 1637 nostra,

637 1659 717 1718 Et
756 1657 808 1719 si
848 1657 975 1719 iura
1014 1670 1228 1738 petunt
1266 1678 1554 1738 cassaque
1595 1661 1759 1720 nulla
1798 1662 2031 1721 ferunt:
2546 1681 2679 1736 1990

639 1753 751 1815 Hii
790 1775 1034 1835 quoque
1074 1757 1360 1818 confessis
1400 1756 1638 1818 veniam
1678 1767 1944 1836 prestant
1982 1756 2271 1831 residiuis,

639 1853 995 1935 Errantique
1034 1853 1160 1916 viro
1200 1856 1348 1915 dant
1387 1874 1649 1915 remeare
1689 1856 1845 1915 deo:

640 1950 751 2011 Hii
792 1970 1036 2030 quoque
1073 1954 1356 2013 celestem
1398 1951 1573 2012 nobis
1613 1952 1761 2013 dant
1801 1971 2036 2013 sumere
2074 1972 2312 2031 panem,

639 2050 786 2109 Post
825 2060 888 2110 et
927 2048 991 2109 in
1028 2048 1304 2109 extremis
1345 2048 1559 2109 vnccio
1599 2060 1829 2128 spectat
1870 2049 1995 2111 eis:

643 2145 752 2207 Hii
793 2166 1038 2225 quoque
1077 2144 1374 2207 defunctis
1414 2146 1640 2207 debent
1682 2149 1951 2208 conferre
1991 2145 2255 2227 sepultis,

642 2246 837 2322 Inque
877 2264 986 2305 sua
1026 2243 1206 2304 missa
1245 2243 1494 2304 reddere
1533 2254 1674 2305 vota
1712 2244 1829 2323 pia.

721 2340 832 2403 Hii
874 2352 1014 2403 sunt
1053 2343 1140 2402 sal
1180 2352 1348 2415 terre,
1393 2361 1517 2419 quo
1557 2360 1670 2401 nos
1711 2342 2029 2403 condimur
2066 2340 2130 2402 in
2170 2341 2334 2415 orbe,

639 2440 890 2519 Absque
931 2460 1142 2519 sapore
1182 2459 1292 2501 suo
1333 2438 1430 2500 vix
1469 2439 1710 2500 salietur
1750 2440 1951 2501 homo.

641 2540 717 2598 In
757 2529 908 2614 sale,'
941 2540 1108 2617 quod
1148 2538 1310 2600 misit
1349 2537 1413 2597 in
1453 2556 1656 2615 aquas,
1704 2536 1987 2598 Heliseus
2028 2538 2271 2599 easdem

641 2638 840 2710 Sanat,
885 2656 998 2697 nec
1038 2646 1306 2697 remanet
1344 2646 1551 2713 gustus
1591 2654 1829 2695 amarus
1870 2634 1956 2695 eis
1983 2657 1997 2695 ε
2554 2657 2687 2697 2000

644 2736 718 2795 In
761 2736 883 2795 sale
924 2733 1186 2812 signatu-r
1223 2735 1487 2813 prudens
1529 2732 1820 2795 discrecio
1860 2731 2017 2805 iusti,

642 2834 728 2892 Vt
767 2831 1056 2893 discretus
1098 2834 1284 2891 homo
1325 2832 1569 2892 condiat
1609 2831 1753 2892 inde
1794 2850 1952 2891 suos,

643 2928 755 2989 Hii
795 2940 935 2990 sunt
974 2930 1075 2989 lux
1115 2928 1343 3003 mundi,
1387 2940 1750 3008 quapropter
1788 2927 1839 2989 si
1880 2927 2183 2990 tenebrosi

642 3026 790 3101 Sint,
835 3038 980 3087 tunc
1020 3045 1132 3087 nos
1172 3026 1300 3087 ceci
1342 3038 1568 3087 stamus
1607 3027 1672 3086 in
1711 3026 1861 3087 orbe
1900 3026 2047 3105 vagi.

647 3127 817 3186 Dans
859 3124 1286 3186 offendiculum
1329 3144 1477 3185 ceco
1517 3144 1640 3202 quo
1681 3124 1900 3185 leditur
1940 3126 2127 3185 vllum

642 3226 728 3283 Vt
769 3224 920 3285 deus
959 3222 1230 3296 instituit,
1275 3221 1376 3282 hic
1416 3221 1769 3282 maledictus
1810 3220 1959 3283 erit:

645 3321 811 3384 Ceco
851 3320 1128 3401 preponit
1153 3310 1492 3395 obstacula,
1537 3318 1642 3399 qui
1682 3319 2003 3381 maledicta

644 3418 946 3480 Peccandi
986 3417 1196 3497 prebet
1235 3438 1342 3497 per
1382 3438 1490 3478 sua
1527 3420 1684 3478 sacta
1724 3416 1899 3478 viam.

726 3515 838 3577 Hii
879 3527 1019 3578 sunt
1059 3516 1220 3577 scala
1261 3516 1448 3577 Iacob
1488 3526 1738 3593 tangens
1779 3515 2021 3577 celestia
2060 3534 2311 3590 summa,

647 3615 835 3675 Plena
873 3614 1015 3675 satis
1055 3613 1353 3693 gradibuS,
1397 3614 1556 3674 vnde
1597 3613 1826 3692 patebit
1865 3613 1977 3674 iter
2002 3622 2043 3673 :¹
2556 3634 2689 3673 2010

648 3710 758 3771 Hii
800 3722 941 3771 sunt
981 3731 1156 3772 mons
1197 3722 1455 3785 sanctuS,
1499 3730 1606 3789 per
1645 3730 1799 3789 quos
1840 3710 2244 3771 conscendere
2283 3709 2468 3771 debet

645 3806 951 3868 Virtutum
991 3811 1232 3869 culmen
1271 3808 1526 3887 quisque
1567 3808 1760 3870 fidelis
1801 3808 2027 3868 homo:

649 3904 760 3967 Hii
803 3917 943 3966 sunt
983 3906 1300 3968 consilium
1341 3919 1629 3982 nostrum,
1673 3906 1769 3967 via
1809 3917 1969 3968 recta
2010 3924 2281 3985 superne,

649 4002 826 4082 Le'gis
867 4006 1161 4078 doctores,
1206 4015 1268 4065 et
1307 4024 1469 4066 noua
1509 4016 1710 4066 nostra
1750 4006 1945 4065 salus:

651 4101 762 4163 Hii
803 4104 1090 4163 claudunt
1131 4105 1330 4163 celum
1369 4106 1613 4181 populo,
1657 4113 1920 4163 reserant
1959 4112 2021 4163 et
2059 4110 2351 4180 apertum,

649 4202 910 4260 Possunt
950 4198 1155 4278 hiique
1197 4197 1342 4260 boni
1383 4200 1640 4260 subdere
1679 4209 1899 4260 cuncta
1939 4198 2069 4260 sibi.

653 4300 670 4331 ‘
692 4296 993 4371 Crescite,'
1033 4296 1250 4359 dicitur
1290 4295 1421 4371 hiis,
1470 4300 1486 4330 ‘
1505 4307 1567 4358 et
1607 4298 1864 4358 multum
1904 4296 2138 4359 reddite
2178 4298 2435 4357 fructum
2455 4298 2470 4325 '
2493 4316 2513 4372 ς

557 4438 682 4487 ¹991
709 4424 950 4474 residiuis
975 4423 1108 4475 SET
1169 4422 1414 4474 recidiuis
1437 4420 1638 4473 CHDL
1783 4438 1915 4487 1999
1937 4420 2187 4474 Helizeus
2209 4422 2254 4473 C
2321 4420 2586 4486 Helyseus
2609 4420 2698 4470 Et.

487 4518 622 4565 ⁹009
653 4500 738 4552 No
751 4510 962 4568 paragr.
988 4502 1028 4554 S

571 4584 721 4619 *ιη*
1570 4602 1622 4646 M
