3434 5142
740 462 858 541 136

851 1150 856 1157 -
899 1108 1048 1184 Igne
1086 1108 1330 1167 lucerna
1369 1104 1598 1165 micans
1639 1104 1750 1165 tria
1788 1106 1911 1179 dat,
1954 1106 2247 1183 splendet,
2289 1106 2461 1180 calet,
2504 1104 2654 1181 vrit3

1441 455 1641 521 VOX
1697 454 2240 521 CLAMANTIS

898 618 978 679 Et
1017 615 1248 679 virtutis
1287 618 1514 678 habent
1552 614 1805 695 presulis
1843 625 1979 677 acta
2017 614 2219 690 nichil,

895 717 1072 777 Tunc
1113 735 1303 777 errare
1342 714 1484 775 facit
1524 714 1785 793 plebem,
1828 712 1958 775 sine
1998 715 2255 792 luceque
2294 732 2477 775 cecus

896 814 1127 876 Cecum
1168 811 1568 890 consequitur,
1611 813 1773 873 vnde
1814 810 1985 872 ruina
2024 810 2203 873 venit.

897 912 1058 989 Ergo
1097 929 1234 971 suas
1275 912 1440 971 luces
1480 911 1816 971 accendant
1856 908 2071 971 clarius
2110 909 2196 971 illi

898 1009 1022 1087 Qui
1062 1019 1202 1069 sunt
1242 1009 1538 1081 ductoreS,
1582 1017 1646 1067 vt
1685 1006 1997 1069 videamus
2038 1006 2167 1069 iter.

897 1206 1036 1265 Hec
1077 1202 1188 1264 tria
1225 1206 1424 1282 presul
1466 1203 1650 1265 habet
1689 1202 1803 1263 sub
1844 1200 2085 1263 racione
2124 1202 2343 1265 trium:

894 1300 1036 1362 Vita
1076 1302 1456 1380 splendorem
1499 1302 1917 1375 demonstrat,
1958 1318 2065 1361 am
2078 1319 2198 1361 ore
2238 1302 2520 1375 calorem,

897 1400 977 1460 Et
1017 1398 1160 1478 quia
1198 1409 1516 1478 peccantes
1557 1396 1764 1475 arguit,
1808 1396 1921 1457 vrit
1962 1416 2085 1459 eos·

895 1497 1056 1560 Cum
1096 1498 1390 1576 populum
1429 1494 1546 1556 sibi
1585 1497 1769 1558 corde
1808 1494 1967 1573 ligat,
2009 1494 2408 1574 precibusque
2446 1493 2638 1557 beatis

896 1595 1105 1657 Seruat
1145 1604 1207 1655 et
1245 1604 1424 1672 auget
1463 1612 1628 1667 oueS,
1671 1602 1818 1653 tunc
1859 1594 2057 1671 placet
2094 1592 2224 1672 ipse
2262 1594 2401 1655 deo.

895 1694 980 1753 Vt
1020 1690 1096 1753 sit
1136 1690 1424 1752 sollicitus
1465 1690 1833 1770 quicumque
1872 1710 2097 1769 pauore
2137 1701 2391 1767 tenetur,

896 1789 994 1850 Ne
1034 1790 1212 1868 lupus
1251 1787 1351 1851 ille
1390 1790 1616 1851 Sathan
1657 1788 1836 1850 intret
1876 1787 2036 1849 ouile
2076 1808 2289 1849 suum:

895 1888 1109 1949 Pascat
1148 1906 1297 1949 oues
1336 1888 1536 1965 presul
1576 1888 1969 1965 exemplaque
2008 1898 2217 1947 sancta
2256 1885 2567 1961 ministret,

892 1986 978 2045 Vt
1017 1982 1249 2063 sapiant
1287 1984 1496 2047 dulces
1537 1982 1731 2045 mellis
1770 1982 1833 2043 in
1874 2002 1978 2045 ore
2018 1985 2205 2045 fauos.

973 2080 1188 2159 Sepius
1227 2079 1490 2143 assueuit
1527 2080 1809 2143 Tubicen
1846 2083 2149 2160 prodesse,
2192 2100 2453 2161 suosque

897 2180 1038 2239 Dux
1077 2180 1234 2243 bene
1274 2190 1608 2258 pugnantes
1647 2178 1912 2241 concitat
1950 2198 2055 2241 ore
2094 2178 2251 2240 viros
2278 2200 2293 2239 ε

895 2278 988 2338 Te
1027 2276 1233 2355 magiS,
1278 2298 1317 2338 o
1357 2279 1572 2357 presul,
1617 2277 1723 2356 qui
1763 2279 1888 2339 dux
1927 2297 1993 2339 es
2034 2276 2369 2357 spiritualis,

895 2376 1176 2436 Promere
1214 2376 1346 2452 lege
1386 2374 1486 2437 dei
1525 2394 1795 2436 consona
1833 2376 2017 2437 verba
2052 2377 2247 2438 decet.

895 2472 1076 2533 Solue
1116 2483 1282 2533 tuam
1323 2492 1536 2533 vocem
1578 2472 1733 2533 sicut
1771 2473 1921 2535 tuba
1958 2471 2201 2534 ductilis
2238 2474 2441 2549 altam,

896 2570 1104 2648 Osque
1145 2582 1317 2631 tuum
1356 2569 1552 2631 verbis
1593 2570 1845 2633 instruat
1882 2581 2019 2631 acta
2056 2570 2289 2649 gregis:

896 2666 1124 2741 clama,
1167 2687 1247 2727 ne
1287 2686 1501 2742 cesses,
1545 2668 1773 2746 populo
1813 2667 1913 2730 dic
1953 2667 2183 2729 crimen
2222 2687 2449 2743 eorum,

895 2763 1143 2825 Preuius
1184 2764 1470 2845 exemplis
1511 2775 1576 2825 tu
1617 2776 1821 2827 tamen
1860 2776 1993 2827 esto
2032 2766 2247 2827 bonus·

897 2862 1064 2922 Dum
1105 2880 1282 2939 sapor
1320 2860 1562 2923 assidua
1599 2882 1915 2923 remanens
1956 2861 2033 2925 sit
2071 2862 2265 2925 dulcis
2306 2862 2369 2925 in
2410 2862 2589 2937 vnda,

896 2958 1146 3020 Gracius
1187 2978 1260 3019 ex
1299 2958 1432 3038 ipso
1471 2961 1640 3021 fonte
1680 2958 1969 3021 bibuntur
2006 2980 2201 3039 aquez

893 3056 1053 3119 Cum
1093 3056 1281 3135 magis
1321 3056 1384 3117 in
1427 3056 1625 3121 Cristo
1665 3057 1743 3119 sit
1780 3056 1924 3120 cleri
1963 3058 2087 3119 vita
2124 3058 2317 3133 beata,

895 3156 1096 3231 Quem
1136 3155 1317 3216 docet
1357 3154 1458 3217 ille
1497 3154 1702 3233 magiS,
1746 3174 1947 3217 senno
1985 3155 2198 3217 beatus
2237 3155 2365 3217 erit.

893 3252 1103 3313 Sermo
1141 3251 1243 3313 dei
1283 3271 1614 3331 numquam
1655 3272 1879 3314 vacuus
1918 3252 2090 3328 redit,
2132 3252 2325 3315 immo
2361 3254 2588 3315 lucrata

897 3350 1181 3411 Conferet
1221 3348 1473 3411 emissus
1513 3351 1699 3429 dupla
1738 3353 1963 3412 talenta
2001 3350 2182 3412 lucri:

893 3448 1102 3508 Sermo
1143 3446 1242 3510 dei
1283 3468 1482 3527 puruS,
1527 3468 1698 3509 mens
1739 3468 1925 3527 quem
1964 3449 2195 3511 sincera
2233 3448 2544 3526 ministrat,

893 3546 1166 3607 Claustra
1205 3544 1330 3624 poli
1368 3558 1686 3623 penetrans
1727 3547 1891 3607 dona
1929 3557 2189 3625 reportat
2228 3549 2433 3609 humo.

895 3640 1148 3707 Curatos
1187 3640 1390 3706 anima
1427 3644 1575 3704 tales
1614 3662 1736 3721 que
1774 3643 2043 3722 possidet
2080 3664 2237 3723 egra,

895 3739 1190 3815 Inueniet,
1235 3738 1287 3800 si
1325 3742 1469 3815 vult,
1513 3759 1660 3801 sana
1699 3740 1904 3803 salutis
1944 3741 2071 3803 iter.

892 3836 1017 3914 Qui
1058 3836 1142 3899 nil
1182 3848 1482 3899 terrenum
1522 3838 1777 3917 sapiunt,
1820 3850 1913 3901 set
1951 3839 2139 3903 celica
2177 3851 2453 3921 querunt,

894 3935 974 3995 Et
1014 3936 1211 3996 solum
1252 3934 1470 3997 siciunt
1509 3935 1897 4017 esuriuntque
1935 3940 2159 4013 deum3

893 4033 1065 4109 Quos
1105 4053 1234 4093 non
1272 4033 1555 4095 librarum
1593 4034 1787 4113 pascit
1826 4024 1999 4110 nitor,
2042 4034 2232 4097 immo
2271 4034 2575 4111 librorum,

893 4131 1040 4191 Non
1078 4130 1260 4192 facies
1298 4131 1443 4206 auri,
1486 4142 1578 4192 set
1617 4131 1779 4194 cibat
1818 4152 1920 4193 ara
1960 4132 2099 4209 dei,-

893 4226 1022 4302 Hii,
1065 4246 1206 4289 cum
1247 4226 1366 4289 sint
1406 4228 1644 4307 propria
1681 4228 1849 4309 digni
1890 4232 2169 4293 mercede
2208 4230 2447 4307 laboris,

891 4326 1284 4386 Permansura
1323 4337 1528 4387 serunt
1568 4346 1687 4405 que
1727 4326 1859 4389 sine
1900 4329 2020 4391 fine
2060 4340 2311 4391 metunt.

893 4420 991 4482 Sic
1032 4420 1136 4500 qui
1175 4432 1340 4482 recta
1375 4423 1574 4499 docet,
1615 4424 1759 4487 facit
1798 4436 1859 4487 et
1898 4446 2077 4506 super
2116 4428 2235 4491 hoc
2276 4427 2445 4508 quod
2484 4435 2737 4507 oportet,

2809 1407 2939 1459 1080

2808 2396 2938 2451 1090

2807 3374 2941 3414 1100

2808 4351 2940 4390 1110
