3434 5142
1081 448 1367 513 LIBER
1422 450 1895 516 SEPTIMUS
2466 470 2589 532 297

554 609 721 686 Quid
762 610 870 671 tibi
910 612 960 671 si
1001 611 1166 671 fortis
1206 612 1428 688 poteris
1467 630 1743 689 superare
1783 612 2004 686 leones,

556 710 867 786 Numquid
911 719 971 769 te
1012 710 1227 786 poterit
1268 710 1596 787 inquietare
1635 710 1815 788 pulex
1833 713 1861 770 ?

555 806 722 880 Quid
762 806 877 865 nisi
917 807 1236 866 stulticiam
1276 807 1386 867 tibi
1425 808 1536 868 fert
1577 808 1879 884 sapiencia
1918 807 2127 867 mundi
2146 808 2175 865 ?

554 902 714 979 Ergo
754 903 938 963 nichil
977 904 1212 980 sapiens
1251 906 1417 983 quod
1459 906 1611 981 sapit
1651 904 1881 983 absque
1922 906 2057 966 deo.

553 1000 664 1059 Est
703 998 812 1060 tibi
854 1001 932 1061 de
973 1001 1118 1061 limo
1159 1002 1477 1061 formatum
1519 1020 1735 1079 corpus
1776 1003 1971 1076 inane,

552 1097 869 1174 Pronaque
909 1109 1117 1159 natura
1155 1100 1349 1160 carnis
1387 1099 1468 1160 ad
1508 1118 1690 1160 omne
1732 1102 1995 1176 malum3

555 1196 775 1272 Incipit
815 1196 878 1256 in
921 1198 1083 1257 luctu
1127 1198 1376 1275 finitque
1417 1199 1661 1260 dolore:
1703 1198 1852 1275 quid
1892 1217 2033 1277 ergo

553 1294 770 1369 Queris
803 1305 866 1355 vt
907 1296 1005 1355 hic
1045 1296 1162 1356 tale
1201 1296 1559 1373 glorificetur
1600 1314 1753 1374 opus
1774 1300 1802 1357 ?

551 1388 714 1451 Cum
755 1393 941 1451 nichil
981 1411 1054 1452 ex
1093 1395 1324 1454 mundo
1367 1396 1442 1454 sit
1483 1412 1731 1471 corpore
1770 1394 2179 1471 glorificatum,

553 1490 662 1549 Est
703 1489 814 1549 tibi
855 1490 938 1549 nil
979 1509 1194 1569 corpus
1234 1492 1561 1569 glorificare
1599 1501 1791 1552 tuum.
2490 1518 2592 1569 900

554 1587 654 1645 Nil
695 1585 804 1646 tibi
845 1588 978 1663 plus
1020 1599 1287 1649 remanet
1327 1599 1432 1649 aut
1471 1590 1736 1666 corporis
1776 1598 1880 1650 aut
1920 1587 2031 1651 tibi
2071 1608 2283 1664 rerum,

552 1686 690 1744 Sola
732 1686 846 1746 nisi
887 1687 1110 1761 merita,
1153 1688 1272 1746 sint
1312 1686 1475 1748 bona
1517 1688 1644 1747 siue
1685 1688 1879 1749 mala:

551 1783 708 1845 Cum
750 1785 914 1845 venit
954 1785 1053 1844 illa
1093 1785 1239 1859 dieS,
1283 1804 1403 1863 que
1444 1786 1529 1845 nil
1571 1787 1685 1846 nisi
1726 1788 1990 1863 corporis
2032 1787 2207 1846 huius

551 1883 656 1943 Ius
698 1882 894 1956 habet,
939 1884 1204 1944 inueniet
1245 1893 1388 1944 tunc
1428 1885 1614 1944 homo
1653 1885 1811 1944 facta
1851 1902 1974 1946 sua.

551 1981 694 2041 Non
735 1982 834 2040 hic
875 1980 1003 2040 iure
1043 1982 1244 2041 locum
1284 1983 1442 2042 valet
1481 1984 1633 2042 vllus
1674 1982 1896 2042 habere
1936 1992 2297 2055 manentem,

554 2078 768 2137 Mortis
808 2078 890 2139 ad
931 2079 1184 2138 incertas
1223 2080 1469 2140 transiet
1509 2080 1696 2140 immo
1736 2080 1878 2139 vias.

455 2258 574 2313 Hic
607 2260 881 2328 loquitur
916 2262 1192 2329 qualiter
1226 2264 1440 2317 omnia
1473 2263 1686 2317 mundi
1718 2262 1903 2318 huius
1937 2262 2105 2317 sicut
2135 2264 2587 2319 vestimentum

385 2349 816 2413 veterascunt,
871 2350 941 2404 et
995 2349 1180 2418 qnasi
1229 2351 1615 2419 sompnifera
1662 2351 1731 2405 in
1780 2352 1911 2406 ictu
1959 2352 2124 2406 oculi
2180 2351 2586 2408 clauduntur-z

385 2435 658 2503 loquitur
719 2436 918 2491 eciam
975 2438 1041 2491 in
1093 2438 1354 2508 speciali
1412 2438 1490 2494 de
1545 2438 1774 2493 mortis
1828 2440 2131 2495 memoria
2186 2441 2253 2494 et
2311 2440 2585 2495 eiusdem

385 2524 661 2579 nominis
694 2524 1178 2593 sig-nificacione.

141 2644 348 2718 Capm.
378 2644 508 2705 xvii.

635 2644 860 2707 Omnia
899 2666 1081 2723 quam
1121 2648 1306 2707 cicius
1345 2649 1505 2709 oculi
1544 2646 1903 2707 clauduntur
1939 2647 2001 2707 in
2046 2648 2183 2722 ictu,

555 2744 632 2803 Et
672 2744 842 2820 quasi
883 2763 989 2821 per
1029 2764 1350 2823 sompnum
1390 2744 1632 2823 preterit
1671 2745 1869 2807 omnis
1909 2746 2133 2807 homo:

551 2842 788 2902 Gaudia
827 2853 1146 2919 perpetuos
1185 2844 1422 2921 pariunt
1459 2843 1768 2904 mundana
1808 2843 2045 2903 dolores

552 2938 739 2999 Tollit
779 2949 839 2999 et
879 2950 1151 3000 eternum
1191 2941 1392 2999 viuere
1431 2942 1553 3000 vita
1593 2939 1813 3001 breuis,
2487 2962 2589 3014 910

551 3036 773 3097 Omnia
813 3054 932 3114 que
973 3048 1221 3113 possunt
1261 3037 1454 3096 amitti
1495 3038 1660 3097 nulla
1697 3036 1989 3109 videntur,

553 3135 684 3194 Nec
723 3136 972 3213 longum
1011 3135 1299 3213 quicquid
1342 3134 1559 3195 desinit
1598 3151 1733 3195 esse
1771 3151 1919 3195 reor.

553 3232 670 3292 Dic
713 3233 860 3308 quid
902 3232 1110 3306 honor,
1155 3233 1303 3308 quid
1343 3250 1506 3308 opeS,
1550 3231 1698 3309 quid
1737 3231 1940 3309 gloria,
1986 3231 2133 3308 quid
2173 3250 2247 3292 ve
2287 3231 2581 3304 iuuentuS,

552 3330 785 3402 Forma,
827 3347 1034 3405 genuS‚
1077 3329 1245 3402 vires,
1289 3329 1526 3401 femina,
1569 3328 1767 3402 vestis,
1808 3346 1963 3406 ager,

553 3426 810 3487 Gemma
851 3427 945 3486 vel
985 3436 1313 3505 argentum,
1357 3426 1504 3504 quid
1545 3437 1825 3503 septrum,
1870 3444 2052 3503 regna
2090 3425 2185 3485 vel
2224 3443 2453 3499 aurum,

552 3526 836 3602 Purpura,
879 3525 1027 3602 quid
1068 3525 1221 3584 latus
1263 3524 1484 3584 fundus
1525 3534 1585 3585 et
1623 3525 1824 3601 ampla
1865 3524 2097 3596 domus,

554 3624 780 3701 Magna
821 3623 1115 3699 potencia,
1159 3622 1345 3681 multa
1384 3622 1658 3696 sciencia,
1700 3639 1855 3682 vana
1892 3622 2181 3697 voluptaS,

553 3721 694 3780 Vita
733 3720 917 3798 quid‚.
941 3730 1002 3781 et
1042 3720 1227 3779 nostri
1269 3720 1531 3797 corporis
1573 3720 1700 3796 ipsa
1740 3718 1915 3779 saluS.

635 3819 821 3893 Quod
861 3836 1000 3878 caro
1042 3818 1306 3878 mortalis
1345 3826 1633 3894 tanquam
1673 3817 1853 3877 vestis
1894 3815 2205 3876 veterascit

557 3916 636 3975 Et
677 3915 854 3975 celeri
895 3916 1065 3992 lapsu
1105 3932 1290 3974 curua
1332 3925 1572 3975 senecta
1611 3915 1793 3987 venit,
2479 3935 2583 3986 920

554 4013 739 4088 Quod
781 4023 983 4074 nostre
1023 4030 1258 4089 semper
1297 4014 1646 4072 minuuntur
1685 4022 1955 4088 tempora
1996 4010 2131 4085 vite,

554 4110 860 4187 Quodque
899 4110 1028 4171 dies
1070 4111 1330 4170 hominis
1370 4110 1568 4169 fumus
1610 4118 1672 4169 et
1711 4108 1921 4169 vmbra
1958 4107 2126 4187 fugit,

554 4209 741 4284 Quod
781 4209 857 4269 sit
897 4210 1016 4269 vita
1058 4207 1274 4283 breuiS,
1317 4209 1484 4284 quod
1523 4226 1684 4269 mors
1728 4207 1967 4281 incerta,
2011 4206 2178 4285 quod
2218 4206 2387 4268 omni

552 4307 854 4383 Tempore
895 4324 1008 4367 nos
1047 4306 1260 4383 queuis
1299 4324 1480 4366 causa
1519 4306 1773 4366 molesta
1812 4304 2043 4383 premit,

414 4452 515 4501 903
549 4435 674 4501 nisi]
696 4436 796 4487 sibi
821 4436 864 4486 C
1059 4437 1160 4500 918
1192 4435 1270 4501 et]
1295 4442 1377 4487 est
1400 4436 1440 4487 S
1633 4451 1729 4500 9⁹1
1768 4442 1947 4486 nostre
1970 4435 2018 4484 D
2088 4434 2255 4485 nostri
2281 4432 2568 4484 SCEHGL
