3434 5142
826 421 943 500 178

1518 415 1720 481 VOX
1777 413 2317 480 CLAMANTIS

978 578 1286 638 Verbosus
1328 588 1537 650 taceat,
1580 575 1852 636 mitescat
1895 574 2156 636 feruidus
2199 574 2302 650 ira,

981 674 1231 736 Invidus
1271 673 1493 735 invidie
1531 672 1661 747 dira
1698 692 1932 734 venena
1971 683 2211 746 vomat3

981 773 1219 852 Cuique
1260 771 1420 852 prius
1460 771 1691 851 gladius
1734 770 1972 848 placuit,
2017 773 2294 849 placuere
2335 769 2559 848 rapine,

978 873 1039 932 N
1043 891 1162 931 unc
1202 869 1335 950 pius
1377 881 1437 931 et
1478 869 1637 929 mitis
1679 868 1843 947 pacis
1883 879 2114 929 amator
2153 867 2279 930 erit.

980 967 1267 1047 Quisquis
1306 970 1657 1029 adulantum
1698 976 1949 1028 ventosa
1987 967 2166 1027 laude
2207 966 2495 1039 tumebat,

978 1069 1161 1128 Nunc
1201 1065 1515 1127 hominum
1556 1066 1766 1126 laudes
1807 1063 2042 1126 estimet
2082 1084 2214 1126 esse
2254 1063 2477 1139 nichil;
2925 1089 3028 1137 420

980 1166 1061 1226 Et
1102 1165 1205 1243 qui
1244 1163 1355 1226 rite
1397 1165 1548 1225 solet
1589 1162 1717 1224 aliis
1759 1162 1988 1223 feritate
2029 1181 2265 1236 nocere,

983 1266 1044 1325 N
1048 1283 1167 1324 unc
1207 1261 1397 1324 eciam
1439 1265 1597 1322 lesus
1638 1259 1831 1321 discat
1870 1279 2072 1320 amara
2111 1259 2234 1338 pati
2262 1282 2276 1320 :

958 1363 1081 1423 ·Ad
1120 1361 1253 1421 lites
1294 1359 1481 1420 facilis
1521 1358 1632 1418 fuit
1673 1357 1789 1431 hic,
1833 1359 1914 1418 ad
1955 1356 2144 1435 iurgia
2185 1377 2451 1437 precepS,

980 1458 1233 1519 Fortiter
1271 1457 1510 1518 alterius
1552 1475 1715 1516 nunc
1757 1453 2075 1515 maledicta
2115 1456 2278 1516 ferat.

981 1558 1119 1633 Que
1160 1558 1345 1617 modo
1387 1564 1742 1634 pugnarunt,
1787 1553 2040 1632 iungunt
2081 1573 2190 1612 sua
2229 1564 2416 1614 rostra
2456 1554 2756 1626 columbe,

981 1656 1115 1715 Nec
1154 1653 1313 1733 prior
1352 1652 1593 1715 vlterius
1632 1651 1721 1712 ira
1761 1649 2028 1713 manebit
2069 1650 2170 1712 εἰς.

982 1751 1081 1812 Sic
1122 1751 1249 1812 sine
1290 1761 1539 1829 peccato
1579 1752 1733 1812 foret
1773 1748 1858 1809 ira
1897 1748 2114 1822 breuiS,
2159 1751 2324 1827 quod
2367 1748 2430 1810 in
2470 1752 2591 1810 vllo

980 1849 1227 1911 Nesciat
1267 1848 1511 1910 interius
1553 1847 1772 1908 mentis
1811 1847 2046 1925 agenda
2086 1847 2262 1908 furor.

981 1950 1122 2009 Hec
1162 1947 1417 2020 veniam,
1459 1948 1680 2018 fratres,
1727 1943 2041 2006 conuersio
2083 1965 2220 2006 vera
2261 1957 2533 2018 meretur,

982 2048 1123 2106 Hec
1161 2047 1318 2105 valet
1359 2045 1653 2105 offensum
1695 2041 2008 2122 pacificare
2049 2043 2248 2104 deum.
2922 2067 3027 2120 430

887 2239 1007 2294 Hic
1028 2240 1309 2309 loquitur
1332 2239 1604 2309 qualiter
1632 2238 1916 2308 religiosi
1939 2238 2273 2294 consorcia
2304 2239 2630 2296 mulierum
2660 2239 3025 2308 specialiter

821 2327 1064 2384 euitare
1097 2327 1346 2382 debent.
1396 2388 1399 2392 ,

633 2447 829 2520 Capm.
858 2440 932 2501 xi.

1068 2437 1419 2499 Femineum
1462 2437 1599 2516 fuge
1640 2436 2026 2515 colloquium,
2071 2436 2158 2496 vir
2197 2448 2418 2511 sancte,
2463 2449 2678 2499 caueto

980 2539 1079 2598 Ne
1121 2546 1179 2597 te
1220 2536 1488 2596 confidas
1529 2534 1665 2613 igne
1706 2535 1938 2595 furente
1980 2533 2195 2610 nimis3

979 2635 1141 2694 Nam
1182 2653 1301 2711 que
1342 2630 1603 2693 femineo
1644 2651 1816 2692 mens
1857 2643 2031 2710 capta
2071 2632 2285 2711 ligatur
2321 2652 2525 2693 amore

978 2734 1328 2809 Numquam
1370 2728 1653 2790 virtutum
1694 2730 1934 2790 culmen
1977 2729 2197 2790 habere
2237 2742 2450 2809 potest.

980 2833 1217 2890 Harum
1259 2825 1626 2906 colloquium
1666 2825 1777 2887 tibi
1818 2826 1964 2905 quid
2006 2828 2116 2888 fert
2157 2828 2470 2889 vtilitatis?

978 2925 1213 2989 Venisti
1254 2926 1602 2999 monaehuS,
1647 2925 1834 3003 turpis
1874 2926 2106 2986 adulter
2144 2925 2290 2987 abis·

980 3027 1139 3104 Ergo
1178 3023 1439 3085 virosum
1480 3022 1595 3082 nisi
1636 3023 2028 3084 declinaueris
2068 3044 2343 3103 anguem,

980 3125 1139 3186 Cum
1180 3122 1379 3183 minus
1420 3139 1551 3182 esse
1591 3131 1783 3200 putaS,
1827 3121 2104 3182 inficieris
2145 3142 2232 3183 ea.

980 3318 1043 3380 Si
1084 3319 1216 3397 quis
1258 3339 1392 3380 eam
1434 3329 1651 3397 tangat,
1696 3317 1878 3378 vritur
1919 3317 2061 3379 inde
2101 3317 2301 3378 statim
2332 3341 2345 3378 τ
2923 3342 3025 3394 4⁴0

980 3417 1042 3479 Si
1084 3428 1350 3478 veterum
1391 3415 1574 3477 libros
1616 3426 1676 3476 et
1716 3427 1952 3495 patrum
1993 3415 2212 3494 scripta
2251 3419 2537 3490 revoluaS,

980 3517 1323 3579 Condoleas
1365 3526 1603 3575 sanctos
1645 3514 1732 3574 sic
1772 3513 2061 3575 cecidisse
2100 3513 2272 3576 viros

980 3613 1297 3691 Numquid
1338 3631 1461 3672 non
1503 3610 1812 3672 hominem
1855 3611 2066 3672 mulier
2106 3613 2185 3673 de
2225 3613 2369 3674 sede
2411 3611 2588 3673 beata

982 3709 1241 3788 Expulit,
1286 3721 1345 3770 et
1386 3720 1587 3770 nostre
1628 3709 1836 3770 mortis
1876 3709 2041 3788 origo
2083 3709 2241 3770 fuit?

982 3807 1106 3886 Qui
1148 3808 1344 3869 bonus
1383 3817 1475 3869 est
1517 3805 1691 3885 igitur
1731 3817 1932 3885 pastor
1971 3805 2186 3886 vigilet,
2231 3827 2351 3885 que
2390 3827 2634 3886 rapaces

985 3905 1237 3966 Eminus
1277 3925 1316 3966 a
1352 3904 1621 3966 claustris
1660 3906 1844 3982 pellat
1881 3903 2104 3982 vbique
2142 3907 2329 3984 lupas.

1065 4001 1423 4082 Depositum
1466 4022 1676 4064 serua:
1732 4002 1841 4062 tibi
1883 4023 2001 4081 que
2041 4023 2328 4081 responsa
2364 4003 2665 4078 valebunt,

985 4104 1209 4174 Pastor,
1255 4100 1357 4178 qui
1398 4100 1603 4180 rapide
1644 4100 1865 4178 linquis
1906 4099 2065 4161 ouile
2105 4103 2291 4180 lupe?

982 4200 1137 4276 Sepe
1177 4218 1433 4276 sequens
1472 4219 1693 4276 agnum
1736 4201 1879 4277 lupa
1917 4209 2032 4260 stat
2072 4200 2150 4260 de
2191 4219 2340 4260 voce
2379 4209 2624 4274 retenta,

981 4297 1255 4374 Sepeque
1295 4296 1545 4375 pastoris
1586 4317 1687 4359 ore
1729 4308 1963 4358 tacente
2003 4297 2170 4375 perit.
2923 4319 3027 4372 450

980 4395 1081 4456 Ad
1121 4397 1318 4473 plures
1360 4395 1501 4472 lupa
1541 4393 1732 4455 tendit
1774 4414 1941 4470 oueS,
1981 4405 2336 4474 pastoreque
2376 4397 2542 4458 lento
