3434 5142
686 454 761 499 12
1040 516 1063 539 0
1485 436 1683 502 VOX
1742 436 2284 503 CLAMANTIS

1006 598 1237 659 virtutis
1278 614 1411 658 esse
1448 596 1724 658 solebant
1759 615 1796 656 a
1836 598 2002 657 viciis
2045 598 2216 674 quasi
2257 598 2609 675 generaliter
2643 596 3086 661 subuertuntur.

1009 695 1175 754 Dicit
1200 704 1403 754 tamen
1432 692 1601 771 quod
1628 694 1965 755 secundum
1993 694 2286 772 quasdam
2317 696 2580 755 Burnelli
2619 698 3092 759 constituciones
3170 725 3183 735 -

1007 790 1135 852 istis
1164 792 1443 869 precipue
1472 788 1688 853 diebus
1716 791 1936 851 modus
1964 802 2024 852 et
2051 792 2251 869 regula
2279 792 2595 869 specialius
2623 792 3032 855 obseruantur.

1253 929 1641 1005 Expliciunt
1679 928 1997 1004 capitula
2037 930 2193 989 libri
2234 931 2482 1005 qum-ti.

1297 1174 1636 1248 Incipiunt
1678 1173 1998 1247 capitula
2037 1176 2192 1235 libri
2235 1174 2483 1254 Quinti.

687 1313 883 1389 Capm.
916 1313 956 1373 i.
1002 1314 1326 1391 Postquam
1369 1315 1598 1374 dictum
1641 1323 1732 1375 est
1775 1314 1855 1375 de
1898 1315 2012 1375 illis
2053 1315 2157 1393 qui
2197 1315 2257 1374 in
2297 1326 2453 1376 statu
2495 1315 2654 1377 Cleri
2693 1333 2895 1393 regere
2931 1316 3096 1393 spiri-

1010 1411 1193 1471 tualia
1231 1410 1536 1486 deberent,
1568 1410 1895 1473 dicendum
1935 1421 2026 1473 est
2055 1413 2172 1473 iam
2203 1414 2282 1474 de
2309 1414 2424 1474 hiis
2452 1415 2556 1491 qui
2589 1414 2652 1473 in
2681 1424 2837 1473 statu
2869 1413 3097 1472 Milicie

1012 1511 1358 1586 temporalia
1397 1509 1721 1571 defendere
1759 1520 1820 1570 et
1856 1522 2206 1588 supportare
2246 1520 2540 1572 tenentur.
2629 1512 2710 1571 Et
2745 1512 2939 1588 primo
2977 1510 3097 1571 dis-

1011 1606 1227 1684 tinguit
1254 1626 1480 1682 causa,
1511 1627 1584 1668 ex
1612 1606 1832 1685 quibus
1864 1608 2016 1668 ordo
2047 1608 2322 1668 Militaris
2348 1610 2508 1685 cepit
2535 1608 2841 1686 originem.

688 1703 885 1780 Capm.
919 1704 975 1763 ii.
1022 1706 1149 1765 Hic
1192 1705 1452 1783 loquitur
1490 1706 1745 1784 qualiter
1781 1706 1972 1779 mileS,
2013 1706 2116 1783 qui
2157 1706 2219 1765 in
2252 1706 2516 1767 mulieris
2552 1724 2818 1768 amorem
2861 1705 3098 1765 exarde-

1011 1820 1185 1863 scens
1228 1820 1301 1863 εκ
1326 1803 1829 1879 concupiscencia
1869 1822 2170 1863 armorum
2213 1821 2280 1863 se
2319 1804 2586 1883 implicat
2613 1804 2920 1876 exercici0,
2963 1819 3098 1863 vere

1011 1900 1205 1961 laudis
1243 1901 1534 1961 honorem
1566 1899 1648 1962 ob
1682 1901 1800 1961 hoc
1840 1900 2182 1981 nullatenus
2215 1913 2489 1962 meretur.
2580 1900 2879 1963 Describit
2905 1900 3098 1960 eciam

1014 1998 1382 2059 infirmitates
1430 1998 1651 2059 amoris
1706 1999 1880 2073 illius,
1939 1998 2110 2058 cuius
2166 2000 2474 2076 passiones
2529 2000 2704 2060 variis
2756 1998 3096 2060 adinuicem
3130 2052 3143 2065 ,

1012 2095 1279 2157 motibus
1306 2096 1565 2156 maxime
1591 2097 2041 2156 contrariantur.

689 2192 886 2268 Capm.
921 2192 1001 2253 iii.
1048 2194 1171 2253 Hic
1215 2193 1497 2254 describit
1539 2194 1791 2255 formam
1837 2194 2098 2253 mulieris
2147 2194 2436 2271 speciose,
2481 2212 2556 2255 ex
2596 2195 2766 2255 cuius
2811 2190 3090 2267 concupi·

1014 2292 1252 2350 scencia
1302 2291 1617 2369 illaqueata
1665 2292 1922 2351 militurn
1971 2292 2156 2353 corda
2203 2293 2458 2353 racionis
2515 2292 2738 2354 iudicio
2793 2289 3100 2368 sepissime

1015 2388 1433 2448 destituuntur.

694 2484 892 2561 Capm.
926 2484 1027 2545 iiii.
1074 2486 1197 2545 Hic
1225 2485 1488 2564 loquitur
1520 2486 1707 2564 quod,
1737 2486 1836 2547 vbi
1865 2486 1927 2546 in
1957 2488 2146 2547 milite
2174 2488 2491 2549 mulierum
2520 2487 2865 2549 dominatur
2883 2486 3101 2545 amoris

1020 2582 1310 2659 voluptas,
1340 2602 1585 2644 omnem
1616 2583 1679 2641 in
1706 2601 1783 2643 eo
1812 2602 1949 2643 vere
1979 2584 2288 2660 probitatis
2318 2585 2603 2645 miliciam
2631 2584 2936 2661 extinguit.

696 2680 894 2756 Capm.
924 2700 977 2739 v.
1021 2680 1146 2739 Hic
1185 2681 1446 2758 loquitur
1483 2680 1564 2741 de
1591 2680 1878 2742 militibus
1915 2681 2048 2755 illis,
2078 2700 2334 2759 quorum
2375 2701 2526 2742 vnus
2564 2692 2806 2759 propter
2843 2680 3104 2740 mulieris

1018 2794 1303 2852 amorem,
1334 2780 1482 2838 alter
1509 2789 1751 2855 propter
1773 2778 2012 2839 inanem
2042 2774 2251 2841 mundi
2283 2780 2522 2851 samam,
2543 2797 2843 2839 armorum
2873 2776 3104 2837 labores

1020 2884 1293 2949 exercet3
1352 2876 1487 2935 finis
1535 2885 1740 2935 tamen
1789 2876 2093 2952 Vtriusque
2141 2874 2371 2954 absque
2411 2876 2618 2937 diuine
2659 2874 2853 2936 laudis
2895 2873 3107 2934 merito

1025 2991 1249 3032 vacuus
1278 2972 1607 3050 pertransit.

698 3069 896 3145 Capm.
929 3069 1003 3130 vi.
1052 3070 1177 3129 Hic
1205 3071 1468 3147 loquitur
1494 3070 1731 3131 interim
1759 3070 1838 3130 de
1864 3071 2402 3132 commendacione
2441 3071 2702 3131 mulieris
2729 3070 2908 3143 bone,
2937 3067 3109 3127 cuius

1024 3167 1403 3232 condicionis
1426 3169 1607 3228 virtus
1628 3166 1958 3245 approbata
1979 3186 2190 3229 omnes
2213 3169 2422 3231 mundi
2441 3168 2687 3230 delicias
2705 3164 3072 3227 transcendit
3095 3186 3109 3224 z

1027 3265 1295 3343 loquitur
1341 3266 1532 3328 eciam
1575 3266 1653 3327 de
1702 3266 1950 3327 muliere
1999 3266 2172 3341 mala,
2215 3268 2388 3327 cuius
2433 3268 2680 3327 cautelis
2726 3266 2825 3325 vix
2871 3264 3110 3340 sapiens

1029 3363 1260 3423 resistit.

704 3458 903 3537 Capm.
935 3460 1030 3521 vii.
1079 3462 1205 3520 Hic
1233 3460 1501 3539 loquitur
1547 3461 1802 3539 qualiter
1849 3462 2068 3521 milicia
2111 3461 2268 3523 bene
2314 3461 2605 3539 disposita
2651 3457 2934 3521 omnibus
2981 3458 3113 3517 aliis

1026 3558 1310 3636 gradibus
1357 3558 1842 3637 quibuscumque
1887 3577 2214 3620 commune
2257 3560 2586 3621 securitatis
2627 3566 2849 3636 prestat
2887 3556 3111 3617 emolu·

1028 3666 1319 3716 mentum.
2741 3641 2746 3645 ’

692 3753 903 3829 ,Capm.
930 3753 1051 3813 viii.
1098 3753 1223 3812 Hic
1257 3754 1520 3832 loquitur
1561 3754 1816 3831 qualiter
1857 3754 2076 3815 milicie
2117 3753 2465 3832 improbitas
2500 3754 2650 3813 alios
2683 3752 2902 3831 gradus
2939 3770 3116 3828 quos-

1027 3867 1288 3928 cumque
1316 3870 1425 3911 sua
1450 3851 1598 3911 ledit
1630 3852 2078 3929 importunitate
2104 3862 2166 3912 et
2193 3852 2460 3913 offendit.

706 4016 903 4091 Capm.
936 4013 1017 4076 ix.
1059 4015 1389 4092 Postquam
1429 4015 1659 4075 dictum
1697 4024 1790 4075 est
1830 4015 1909 4076 de
1949 4015 2062 4075 illis
2100 4016 2203 4093 qui
2233 4016 2296 4075 in
2334 4025 2490 4075 statu
2529 4014 2764 4073 militari
2801 4030 2927 4073 rem
2967 4009 3118 4088 pub·

1029 4112 1205 4170 licam
1233 4130 1468 4171 seruare
1496 4111 1723 4173 debent
1753 4113 1997 4188 illesam,
2029 4112 2354 4175 dicendum
2385 4124 2476 4173 est
2504 4113 2620 4172 iam
2648 4111 2728 4172 de
2751 4111 2876 4171 istis
2903 4110 3007 4187 qui
3035 4109 3117 4169 ad

1030 4208 1201 4268 cibos
1228 4219 1287 4268 et
1317 4220 1495 4286 potus
1523 4228 1631 4287 pro
1659 4211 1892 4288 generis
1922 4211 2169 4271 humani
2201 4211 2646 4273 sustentacione
2683 4206 3118 4287 perquirendos

1028 4305 1383 4383 agriculture
1410 4304 1643 4369 labores
1671 4306 1872 4369 subire
1900 4318 2190 4369 tenentur.

1076 4426 1228 4489 After
1244 4426 1371 4492 Cap.
1396 4427 1483 4478 viii
1504 4442 1573 4478 no
1592 4435 1736 4493 αμα
1753 4428 1946 4480 cnon
2143 4430 2214 4482 ix.
2243 4442 2266 4479 1
2305 4444 2412 4479 rem
2435 4426 2690 4479 bubum
2716 4397 2766 4477 s'
