3434 5142
862 417 989 495 246

1566 409 1766 478 VOX
1823 409 2368 480 CLAMANTIS

1111 575 1275 648 Rex,
1316 590 1495 652 puer
1533 571 1894 646 indoctus,
1937 569 2248 634 morales
2287 573 2590 652 negligit
2628 586 2842 650 actus,

1032 671 1113 735 In
1154 671 1419 752 quibus
1456 688 1495 732 a
1534 687 1762 749 puero
1799 687 2132 732 crescere
2171 673 2407 749 possit
2447 673 2698 736 homo:

1027 769 1145 831 Sic
1184 768 1457 832 etenim
1497 783 1800 846 puerum
1841 767 2190 829 iuuenilis
2232 771 2492 831 concio
2531 771 2751 846 ducit,

1028 867 1241 943 Quod
1284 866 1515 926 nichil
1550 865 1972 942 expediens,
2017 865 2113 928 sit
2151 866 2294 926 nisi
2334 867 2540 941 velle,
2583 870 2789 947 sapit.

1030 966 1187 1042 Que
1226 965 1379 1026 vult
1418 964 1561 1038 ille,
1602 964 1862 1026 volunt
1901 964 2208 1026 iuuenes
2250 964 2390 1025 sibi
2431 967 2855 1042 consociati,

1032 1063 1171 1125 Ille
1210 1061 1573 1124 subintrat
1612 1061 1768 1137 iter,
1810 1061 2065 1140 hiique
2101 1072 2450 1141 sequntur
2489 1082 2685 1126 eum:
2980 1075 3088 1136 560

1028 1161 1276 1222 Vanus
1316 1161 1547 1221 honor
1585 1178 1806 1222 vanos
1848 1159 2150 1222 iuuenes
2189 1161 2366 1221 facit
2405 1178 2566 1223 esse
2605 1162 2912 1238 sodale-³,

1029 1258 1240 1321 Vnde
1276 1258 1501 1336 magis
1540 1277 1722 1320 vane
1759 1258 1954 1336 regia
1991 1268 2184 1321 tecta
2223 1259 2496 1322 colunt.

1032 1357 1160 1418 Hii
1198 1374 1489 1435 puerum
1530 1373 1768 1434 regem
1808 1357 2073 1433 puerili
2113 1373 2309 1418 more
2347 1355 2765 1432 subornant,

1030 1455 1369 1518 Pondera
1407 1454 1754 1514 virtutum
1789 1471 1938 1532 quo
1973 1454 2212 1515 minus
2253 1455 2407 1530 ipse
2443 1454 2646 1532 gerit.

1114 1553 1296 1614 Sunt
1334 1553 1563 1614 eciam
1602 1562 1886 1613 veteres
1924 1552 2193 1629 cupidi,
2233 1551 2355 1629 qui
2395 1551 2593 1612 lucra
2633 1560 3022 1630 sequentes

918 1669 925 1680 ·
1030 1651 1143 1714 Ad
1182 1651 1384 1729 pueri
1426 1649 1770 1728 placitum
1809 1649 2018 1726 plura
2057 1648 2443 1726 nephanda
2483 1649 2768 1712 sinunt:

1033 1749 1320 1814 Cedunt
1360 1747 1710 1826 morigeri,
1756 1748 2052 1808 veniunt
2094 1745 2217 1825 qui
2259 1758 2424 1808 sunt
2463 1747 2746 1824 viciosi,

1033 1845 1403 1924 Quicquid
1441 1855 1511 1908 et
1550 1855 1659 1907 est
1698 1844 1872 1905 vicii
1913 1845 2131 1908 Curia
2175 1845 2392 1922 Regis
2433 1842 2670 1906 habet.

1033 1946 1245 2007 Error
1283 1943 1373 2006 ad
1414 1961 1621 2004 omne
1662 1943 1856 2004 latus
1895 1943 2099 2021 pueri
2139 1943 2537 2020 consurgit,
2581 1952 2652 2003 et
2691 1941 2835 2016 ille,

1036 2045 1178 2121 Qui
1220 2043 1395 2106 satis
1435 2052 1543 2103 est
1583 2041 1866 2117 docilis,
1909 2040 2232 2119 concipit
2271 2058 2482 2101 omne
2521 2040 2819 2102 malum:
2983 2059 3087 2116 5⁷0

1036 2143 1199 2204 Non
1239 2140 1449 2202 dolus
1489 2141 1704 2201 immo
1743 2141 1964 2213 iocus,
2011 2157 2149 2200 non
2192 2137 2384 2198 fraus
2427 2147 2534 2199 set
2565 2137 2802 2216 gloria
2841 2137 2995 2198 ludi

1036 2241 1213 2300 Sunt
1254 2237 1515 2316 pueris,
1561 2247 1670 2298 set
1710 2237 1776 2298 ei
1819 2255 1972 2298 sors
2012 2245 2154 2297 stat
2193 2235 2451 2296 aborta
2490 2234 2660 2296 doli.

1037 2473 1167 2534 Stat
1206 2490 1354 2549 puer
1394 2472 1679 2531 immunis
1721 2469 1915 2548 culpe,
1960 2479 2051 2530 set
2091 2469 2195 2547 qui
2235 2469 2463 2547 puerile

1038 2571 1408 2630 Instruerent
1444 2569 1733 2645 regimen,
1778 2586 1902 2628 non
1944 2568 2076 2628 sine
2113 2565 2252 2628 labe
2293 2577 2576 2629 manent:

1039 2668 1138 2728 Sic
1175 2683 1305 2726 non
1344 2685 1447 2726 rex
1486 2675 1577 2726 set
1617 2666 1939 2726 consilium
1981 2677 2120 2726 sunt
2161 2683 2342 2725 causa
2381 2665 2622 2738 doloris»,

1042 2764 1184 2840 Quo
1224 2765 1393 2843 quasi
1434 2763 1746 2823 communi
1787 2781 2091 2823 murmure
2131 2763 2356 2841 plangit
2398 2764 2633 2824 humus.

1038 2865 1343 2939 Tempora
1383 2872 1613 2921 matura
1654 2862 1704 2921 si
1747 2879 1850 2922 rex
1890 2861 2062 2922 etatis
2103 2859 2364 2934 haberet,

1038 2960 1303 3037 Equaret
1343 2957 1557 3019 libram
1598 2977 1721 3036 que
1761 2957 1948 3018 modo
1990 2959 2116 3018 iure
2156 2968 2351 3019 caret:
2949 2957 3086 3032 5⁶0*

1038 3057 1224 3134 Regis
1266 3073 1527 3133 namque
1568 3056 1787 3116 modus
1825 3055 1975 3116 alios
2015 3055 2371 3130 moderatur,
2415 3063 2478 3116 et
2517 3056 2714 3116 omnis

1040 3155 1194 3215 Iuris
1235 3154 1315 3213 ad
1355 3153 1619 3214 officium
1660 3151 1878 3212 dicitur
1918 3168 2050 3212 esse
2089 3162 2288 3229 caput.

1038 3253 1104 3312 Si
1145 3251 1343 3314 bonus
1384 3268 1516 3312 esse
1558 3251 1700 3311 velit
1743 3268 1860 3326 rex,
1903 3249 1989 3310 hii
2032 3250 2136 3328 qui
2177 3260 2318 3310 sunt
2358 3247 2645 3310 bonitatis

1039 3350 1192 3410 Sunt
1232 3349 1419 3426 magis
1462 3347 1663 3408 edocti
1704 3346 2068 3408 condicione
2106 3345 2308 3408 bona:

1041 3447 1104 3506 Si
1146 3446 1338 3506 malus
1380 3463 1513 3507 esse
1552 3445 1709 3520 velit,
1755 3445 1932 3506 simili
1974 3463 2076 3506 rex
2117 3454 2276 3505 sorte
2317 3445 2582 3518 clientes,

1041 3545 1127 3604 Vt
1168 3543 1284 3604 sibi
1323 3541 1740 3619 complaciang
1788 3542 1966 3620 eligit,
2012 3551 2200 3615 ornat,
2243 3550 2440 3601 amat:

1042 3642 1187 3702 Hoc
1228 3650 1319 3701 set
1360 3659 1499 3700 eum
1542 3641 1732 3717 tangit
1771 3641 2096 3700 discretum
2139 3657 2320 3717 quem
2362 3637 2576 3715 probat
2617 3647 2760 3712 etaS,

1041 3738 1185 3799 Non
1229 3755 1496 3814 puerum,
1543 3736 1684 3815 quia
1725 3745 1870 3797 tunc
1912 3737 1980 3797 fit
2022 3735 2137 3796 sibi
2179 3737 2356 3812 culpa
2397 3736 2594 3796 minor

1042 3836 1187 3897 Non
1228 3846 1319 3896 est
1360 3845 1569 3895 nature
1610 3836 1703 3894 lex
1746 3852 1860 3894 nec
1901 3835 2173 3907 racioniS,
2215 3844 2280 3894 vt
2319 3832 2470 3894 illud

1044 3933 1232 4009 Quod
1272 3934 1567 3993 mundum
1608 3931 1756 3993 ledit
1798 3931 1872 3991 sit
1912 3932 2136 4008 puerile
2177 3932 2402 3991 malum
2419 3953 2438 4006 ;
2949 3931 3092 4008 5⁷0*

1043 4031 1189 4090 Non
1228 4031 1423 4104 doluS‚
1466 4032 1653 4090 immo
1695 4030 1880 4104 iocus,
1925 4047 2051 4090 non
2093 4029 2250 4089 fraus
2291 4039 2385 4091 set
2423 4028 2610 4107 gloria
2651 4029 2795 4106 ludi,

1047 4127 1199 4187 Sunt
1240 4128 1454 4204 pueriS,
1498 4145 1613 4188 nec
1654 4126 1739 4187 ibi
1781 4137 1962 4189 restat
2003 4127 2170 4206 origo
2211 4125 2373 4187 mali.

1043 4330 1142 4379 555
1176 4317 1394 4379 negligit
1416 4317 1455 4366 S
1522 4318 1720 4381 respuit
1743 4315 2039 4368 CEHGDL
2199 4319 2300 4381 564
2331 4315 2518 4366 virtum
2544 4315 2598 4366 H

1046 4397 1175 4457 561*
1209 4411 1391 4444 omnes
1412 4395 1535 4444 'rna
1672 4397 1800 4459 5⁶4*
1835 4396 1999 4458 magis
2019 4409 2119 4445 om.
2141 4393 2188 4444 T
2319 4395 2446 4456 566*ι
2468 4394 2826 4458 complaceant
2849 4393 2926 4446 Η·
