3434 5142
1231 459 1515 525 LIBER
1571 461 1938 527 SEXTUS
2559 481 2678 544 251

643 617 704 676 N
706 634 741 677 e
782 616 970 694 periat
1010 617 1195 696 Regis
1235 618 1381 696 legis
1422 629 1482 679 et
1522 618 1623 678 ille
1662 627 1866 680 status
2583 637 2682 698 γοα

643 716 791 788 Rex,
835 731 963 793 age,
1008 735 1086 776 ne
1126 713 1317 793 plebis
1357 716 1579 776 furiens
1619 716 1918 776 discordia
1958 718 2136 793 dicat,

644 815 660 843 ‘
679 813 803 872 Lex
843 813 1030 874 caruit
1070 831 1209 891 rege
1248 813 1375 873 iura
1414 823 1658 890 paterna
1698 832 1909 891 regens
1926 815 1976 876 'z

640 909 818 970 Absit
857 919 921 972 et
960 911 1076 971 hoc
1117 912 1296 988 vulgo
1335 927 1414 970 ne
1453 911 1628 985 dicat,
1674 913 1800 972 iure
1839 923 2090 987 remot0,

640 1007 826 1083 Quod
868 1008 1051 1068 nichil
1092 1009 1293 1069 auxilii
1334 1008 1619 1086 principis
1660 1008 1870 1070 vmbra
1909 1009 2066 1072 facit.

640 1104 823 1165 Fraus
864 1124 1005 1166 cum
1046 1106 1254 1168 fraude
1292 1125 1401 1166 sua
1440 1107 1628 1184 periat
1668 1108 1748 1168 de
1790 1118 1980 1169 morte
2019 1125 2300 1182 remorsa,

636 1203 721 1262 Vt
762 1213 877 1264 stet
919 1204 1150 1264 iusticia
1189 1205 1347 1282 regia
1388 1205 1567 1266 laude
1606 1215 1746 1266 tua:

640 1301 739 1361 Sic
781 1301 985 1362 dicant
1026 1302 1249 1379 populi,
1296 1305 1312 1334 ‘
1330 1303 1419 1362 Sit
1460 1320 1695 1378 semper
1733 1302 1920 1380 gloria
1960 1304 2101 1381 regi,

639 1399 783 1474 Quo
822 1397 987 1460 bona
1026 1417 1142 1476 pax
1182 1399 1383 1476 viguit,
1424 1417 1551 1478 quo
1590 1417 1727 1460 reus
1768 1411 1902 1478 acta
1942 1401 2089 1461 luit!

717 1497 1046 1574 Precipitur
1083 1497 1315 1576 gladius
1354 1496 1619 1558 vibratus
1662 1515 1898 1574 semper
1937 1498 2160 1572 haberi,

635 1595 989 1673 Prompcius
1032 1605 1093 1656 vt
1132 1596 1357 1656 crimen
1398 1594 1677 1655 iudiciale
1718 1595 1898 1657 serat:
2579 1617 2678 1674 710

635 1693 802 1754 Ense
841 1694 1199 1771 quiescente,
1244 1711 1627 1772 compescere
1669 1712 1793 1754 non
1833 1695 1989 1756 valet
2030 1694 2276 1771 orbem,

634 1792 757 1867 Qui
798 1811 1043 1870 regnare
1082 1794 1247 1869 cupit
1288 1792 1578 1870 sanguine
1618 1792 1746 1852 iura
1786 1793 1960 1852 colat.

634 1891 821 1950 Arma
861 1890 1058 1950 serunt
1098 1909 1328 1968 pacem,
1369 1899 1769 1966 compescunt
1809 1908 1973 1949 arma
2013 1909 2306 1967 rapacem,

632 1988 714 2047 Vt
754 2006 889 2048 reus
930 1987 1043 2047 hec
1083 1988 1306 2060 timeat,
1351 2005 1452 2047 rex
1492 1986 1717 2065 probus
1757 2005 1921 2046 arma
1959 1996 2160 2062 gerat3

636 2085 899 2145 Nomine
940 2083 1175 2163 subque
1217 2095 1323 2144 tuo
1363 2083 1568 2145 ledant
1610 2101 1687 2144 ne
1733 2084 1883 2143 forte
1923 2083 2184 2159 quiriteS,
2243 2150 2246 2153 ,

633 2180 883 2241 Plebem
924 2191 985 2241 te
1026 2191 1233 2241 tenero
1274 2181 1457 2240 corde
1497 2180 1697 2241 videre
1737 2179 1946 2240 decet:

633 2279 695 2338 Si
736 2279 825 2338 vis
866 2297 1129 2356 namque
1171 2291 1308 2339 tuos
1350 2295 1473 2338 non
1515 2279 1801 2354 castigare
1841 2277 2159 2351 ministros„

632 2377 879 2440 Crimen
920 2375 1104 2438 habet
1145 2377 1321 2454 culpe
1362 2377 1521 2453 regia
1561 2377 1738 2452 culpa
1779 2394 1900 2435 sue.

632 2474 854 2534 Euolat
893 2475 1185 2553 ancipiter
1224 2475 1301 2536 ad
1344 2474 1573 2551 predaS,
1619 2474 1782 2533 lucra
1821 2473 2068 2551 suisque

634 2572 914 2632 Deseruit
954 2573 1217 2634 dominis
1258 2572 1321 2630 in
1361 2571 1650 2648 rapiendo
1692 2569 1898 2632 cibos:
2576 2591 2677 2648 720

634 2670 733 2729 Sic
774 2678 914 2728 sunt
955 2670 1056 2747 qui
1100 2669 1223 2747 regi
1266 2668 1611 2728 famulando
1652 2686 1794 2728 suos
1835 2677 1896 2728 et
1936 2668 2017 2728 ad
2056 2685 2196 2728 vsus

634 2766 884 2826 Tollunt
924 2766 1289 2844 pauperibus
1330 2766 1593 2843 dampna
1632 2766 1883 2825 ferendo
1925 2767 2124 2826 nimis.

635 2864 711 2923 In
754 2881 929 2940 prece
969 2865 1209 2940 pondus
1250 2861 1433 2922 habet
1473 2881 1697 2940 pauper
1737 2863 1842 2940 qui
1883 2863 2100 2924 clamat
2141 2880 2364 2941 egenus

638 2961 735 3020 Ad
777 2961 1110 3035 dominum,
1155 2979 1387 3021 memor
1427 2970 1519 3020 est
1559 2961 1834 3037 pauperis
1877 2960 2006 3037 ipse
2047 2959 2157 3020 sui.

635 3059 801 3118 Sicut
842 3060 1005 3119 enim
1047 3059 1262 3137 presul,
1306 3058 1411 3134 qui
1450 3067 1653 3117 custos
1694 3066 1787 3116 est
1826 3057 2176 3130 animarum,

633 3158 882 3218 Pondus
923 3159 986 3217 in
1027 3157 1227 3217 officio
1266 3154 1449 3216 debet
1488 3151 1709 3214 habere
1751 3172 1900 3229 suo;

635 3254 973 3333 Compotus
1016 3266 1197 3332 vtque
1238 3272 1397 3326 sum,
1442 3253 1529 3312 sic
1570 3252 1753 3312 stabit
1794 3261 1855 3312 et
1895 3251 2102 3312 vltima
2141 3269 2388 3324 merces,

636 3353 843 3414 Gloria
882 3354 976 3414 vel
1016 3370 1175 3429 pena
1216 3360 1597 3429 perpetuatur
1636 3351 1729 3424 ei;

635 3453 769 3512 Rex
812 3451 894 3511 ita
934 3452 1037 3529 qui
1080 3460 1351 3512 nostrum
1395 3449 1720 3510 moderaris
1762 3447 1994 3526 legibus
2035 3447 2263 3521 orbem,

636 3550 815 3610 Dona
855 3550 971 3609 tuis
1014 3549 1236 3608 meritis
1276 3547 1543 3608 conferet
1582 3563 1740 3625 equa
1780 3547 1972 3606 deuse
2573 3563 2673 3620 ⁷30

634 3649 821 3708 Posse
862 3658 1033 3708 tuum
1072 3646 1313 3725 grande,
1359 3664 1475 3719 rex,
1522 3657 1628 3719 est,
1674 3663 1795 3723 que
1834 3644 2147 3722 potencior
2187 3644 2304 3717 ille,

634 3745 835 3806 Omne
875 3756 1047 3805 tuum
1087 3744 1256 3804 cuius
1296 3745 1539 3804 dextera
1578 3742 1752 3804 librat
1791 3761 1962 3821 opus,

539 3943 659 3999 Hic
706 3944 860 4000 dicit
907 3943 1075 4013 quod
1120 3959 1233 3999 rex
1288 3958 1452 3999 sano
1508 3943 1778 3999 consilio
1836 3943 2158 4008 adhereat,
2209 3943 2474 3998 ecclesie
2530 3945 2674 3999 iura

469 4035 804 4102 supportet
826 4034 893 4087 et
917 4033 1141 4100 erigat,
1166 4047 1321 4100 equs
1342 4031 1413 4084 in
1434 4031 1684 4086 iudiciis
1702 4033 1770 4086 et
1787 4029 2073 4100 pietosns
2095 4031 2353 4098 existat,
2371 4047 2672 4101 tuamque

470 4121 707 4176 famam
732 4120 978 4175 cunctis
1002 4119 1216 4174 mundi
1238 4119 1464 4188 opibus
1485 4121 1822 4187 preponat.

312 4231 510 4309 Capm.
540 4255 596 4295 x.
719 4235 947 4311 Sperne
988 4233 1195 4307 malm,
1238 4233 1371 4293 cole
1411 4233 1752 4310 prudentes,
1795 4249 2117 4310 compesce
2154 4231 2423 4307 rebelleS,

869 4379 983 4427 700,
1007 4377 1103 4428 705
1126 4361 1293 4426 periat
1316 4361 1461 4415 SHT
1524 4370 1707 4426 pereat
1731 4363 1920 4413 CEDL

867 4443 992 4507 Cap.
1016 4459 1069 4492 x.
1094 4441 1337 4507 Heading
1353 4457 1385 4492 a
1406 4448 1677 4506 supportet
1694 4444 1861 4506 erigat
1881 4447 1929 4492 et
1947 4441 2191 4493 defendat
2215 4442 2264 4491 D
