3434 5142
794 494 876 555 42
1494 472 1691 540 VOX
1749 469 2289 539 CLAMANTIS

959 634 1203 696 Dixerat
1244 634 1359 709 ille,
1402 636 1421 667 ‘
1440 635 1611 709 Feri,’
1652 634 1785 695 ferit
1827 634 1926 695 ille
1942 636 2064 711 3——‘
2080 636 2140 695 N
2143 636 2286 710 eca‚’
2328 645 2503 698 neoet
2542 636 2690 697 alter
2707 656 2726 712 3
2751 660 2809 679 -·

961 738 977 767 ‘
992 734 1175 794 Solue
1216 734 1482 811 nephaS,'
1523 733 1720 807 soluit,
1765 734 1899 810 quis
1941 752 2139 811 neque
2180 734 2299 794 fata
2341 744 2518 795 vetat.

957 832 1221 893 Auribus
1261 832 1520 892 extensis
1561 849 2008 910 quemcumque
2047 842 2224 893 vocat
2263 833 2425 894 furor
2465 833 2566 894 ille

956 931 1163 1004 Audit,
1208 940 1268 991 et
1306 930 1387 990 ad
1426 948 1639 990 vocem
1680 931 1952 989 concitus
1995 941 2156 1008 vrget
2197 930 2342 992 iter:

958 1028 1058 1088 Sic
1099 1029 1284 1088 homo
1326 1038 1472 1089 tunc
1511 1029 1736 1111 multus
1775 1029 2070 1090 suadente
2111 1029 2308 1091 furore
2349 1039 2594 1090 coactus

959 1126 1117 1203 Sepe
1158 1145 1327 1186 suam
1369 1126 1571 1203 posuit
1609 1136 1838 1187 mestus
1879 1128 1941 1185 in
1985 1128 2121 1203 igne
2163 1145 2426 1186 manum.
2903 1132 3000 1199 ’720
3053 1206 3060 1213 .

963 1225 1217 1299 OmneS,
1260 1228 1276 1256 ‘
1294 1224 1426 1284 Fiat
1468 1224 1586 1298 ita,’
1626 1226 1998 1302 proclamant
2038 1224 2287 1285 vocibus
2329 1226 2498 1299 altis;

960 1322 1072 1382 Est
1110 1323 1289 1383 maris
1328 1332 1391 1383 vt
1433 1322 1681 1397 sonituS,
1727 1323 1812 1382 sic
1852 1320 1964 1382 suit
2005 1323 2104 1383 ille
2147 1340 2350 1383 sonus.

961 1419 1053 1479 Ex
1096 1421 1283 1480 nimio
1326 1420 1571 1497 strepitu
1612 1436 1942 1480 concussus
1983 1422 2148 1481 vocis
2189 1439 2396 1481 eorum

958 1519 1078 1578 Vix
1118 1519 1285 1595 potui
1328 1519 1614 1579 tremulos
1654 1520 1940 1579 ammodo
1983 1520 2133 1579 serre
2173 1520 2400 1597 pedes;

962 1618 1247 1677 Attamen
1288 1636 1325 1677 a
1366 1617 1543 1693 longe
1584 1618 1858 1694 prospexi
1901 1618 2157 1694 qualiter
2197 1618 2308 1694 ipsi

964 1714 1310 1791 Complexis
1350 1713 1629 1775 manibus
1668 1724 1878 1774 mutua
1918 1724 2093 1791 pacta
2134 1716 2346 1776 ferunt.

964 1813 1109 1872 Hoc
1150 1812 1373 1871 etenim
1416 1811 1642 1886 dicunt,
1686 1811 1854 1889 quod
1896 1809 2185 1891 quicquid
2225 1821 2448 1890 perstat
2489 1810 2550 1872 in
2593 1810 2740 1873 orbe

966 1910 1221 1988 Ingenui
1263 1926 1437 1969 sexus
1478 1910 1697 1969 rustica
1737 1909 1912 1970 turba
1952 1921 2099 1972 ruet.

1050 2008 1189 2067 Hiis
1230 2007 1405 2068 dictis
1448 2007 1665 2084 pariter
1704 2024 1916 2067 omnes
1957 2008 2306 2085 gradiuntur
2345 2008 2406 2067 in
2449 2024 2651 2081 vnum,

968 2106 1201 2165 Ductor
1240 2115 1301 2165 et
1340 2105 1552 2165 inferni
1594 2105 1761 2166 ducit
1801 2104 2000 2184 iniqus
2040 2107 2170 2167 iter.
2908 2123 3006 2179 730

966 2202 1181 2263 Nubes
1222 2203 1387 2281 nigra
1428 2204 1591 2264 venit
1631 2203 1796 2264 furiis
1835 2206 2158 2264 commixta
2197 2202 2490 2283 gehenne,

969 2299 1272 2362 Cordibus
1312 2301 1575 2362 infusum
1617 2320 1738 2380 que
1777 2303 1974 2364 scelus
2014 2320 2196 2364 omne
2237 2303 2426 2379 pluit3

969 2400 1256 2476 Roreque
1296 2397 1382 2459 sic
1422 2398 1644 2460 baratri
1678 2401 1868 2461 fuerat
1909 2401 2084 2462 tellus
2125 2401 2479 2475 madefacta,

970 2498 1256 2559 Crescere
1295 2498 1464 2575 quod
1502 2499 1687 2560 virtus
1727 2499 2014 2560 ammodo
2057 2499 2219 2559 nulla
2259 2507 2497 2577 potest:

974 2595 1179 2657 Omne
1219 2603 1421 2656 tamen
1462 2597 1699 2671 vicium,
1745 2597 1913 2675 quod
1955 2597 2142 2657 homo
2182 2598 2478 2675 perfectus
2519 2594 2815 2670 abhorret,

974 2692 1222 2767 Crescit,
1266 2704 1327 2754 et
1366 2711 1441 2754 ex
1481 2694 1586 2755 illo
1627 2704 1896 2771 tempore
1935 2696 2120 2756 corda
2159 2695 2362 2772 replet.

975 2791 1224 2852 Fecerat
1263 2792 1533 2853 incursus
1574 2804 1720 2853 tunc
1761 2793 1986 2853 demon
2027 2794 2407 2867 meridiam,

978 2890 1175 2967 Inque
1216 2890 1461 2950 dolente
1502 2890 1603 2950 die
1640 2900 1797 2951 torta
1837 2893 2048 2969 sagitta
2088 2892 2284 2953 volat:
2479 2878 2484 2883 ’

979 2988 1122 3065 Ipse
1162 2988 1391 3047 solutus
1430 2989 1603 3050 adest
1642 2990 1934 3049 Sathanas
1975 2991 2294 3067 omnisque
2333 2999 2570 3051 caterua

978 3086 1265 3163 Pauperis
1306 3087 1519 3146 inferni
1562 3088 1928 3163 preuaricata
1967 3089 2162 3149 simul.
2919 3106 3018 3161 740

978 3183 1251 3243 Perditur
1290 3202 1434 3244 ecce
1474 3186 1669 3261 pudor
1708 3186 1936 3245 indocti
1975 3186 2190 3259 cordiS,
2236 3193 2296 3245 et
2338 3185 2486 3245 vltra

978 3280 1261 3341 Criminis
1299 3292 1405 3342 aut
1442 3284 1621 3360 culpe
1662 3283 1826 3343 nulla
1865 3284 2125 3345 verenda
2165 3284 2370 3345 timet:

984 3380 1272 3456 Dumque
1312 3380 1498 3441 duces
1542 3381 1774 3441 Herebi
1815 3383 1902 3441 sic
1943 3381 2064 3442 vidi
2107 3383 2326 3443 ducere
2369 3381 2680 3453 mundum,

980 3478 1185 3540 Celica
1226 3480 1445 3539 nullius
1487 3480 1612 3540 iura
1652 3481 1868 3541 valoris
1908 3489 2096 3541 erant.

982 3576 1141 3637 Cum
1184 3578 1372 3655 magis
1412 3578 1524 3638 hos
1565 3578 1704 3652 vidi,
1749 3578 1938 3655 magis
1981 3579 2092 3639 hos
2131 3598 2264 3640 reor
2301 3596 2434 3639 esse
2473 3576 2793 3650 timendos,

984 3674 1275 3751 Ignorans
1317 3676 1508 3753 qualis
1550 3676 1685 3736 finis
1728 3674 2042 3737 habendus
2083 3679 2208 3737 erit.

887 3870 1009 3926 Hie
1050 3871 1205 3928 dicit
1245 3887 1317 3928 se
1358 3888 1471 3942 per
1513 3874 1867 3943 sompnium
1908 3874 2152 3930 vidisse
2189 3874 2525 3944 progenies
2561 3870 2800 3942 Chaym
2836 3872 3027 3927 male·

815 3958 1028 4017 dictas
1051 3974 1185 4015 vna
1216 3974 1357 4015 cum
1386 3962 1786 4018 multitudine
1816 3977 2144 4019 seruorum
2176 3976 2378 4032 nuper
2402 3961 2572 4030 regis
2595 3958 2838 4029 Vluxie,
2863 3975 3025 4029 quos

819 4044 1031 4103 Circes
1056 4048 1123 4101 in
1148 4050 1392 4105 bestias
1416 4050 1704 4116 mutauit,
1733 4050 1914 4107 furiis
1939 4050 2323 4120 supradietis
2347 4048 2674 4107 associari.

669 4172 866 4247 Capm.
898 4188 949 4231 x.
1078 4170 1259 4231 Estus
1299 4181 1425 4232 erat
1466 4172 1702 4246 nimius,
1747 4171 1941 4232 rabies
1983 4172 2123 4244 fera,
2165 4180 2482 4249 turmaque
2522 4186 2754 4248 magna,

985 4270 1151 4329 Dum
1193 4270 1332 4330 furit
1372 4270 1637 4331 infernus
1676 4272 2004 4331 associatus
2045 4271 2255 4330 humo,

887 4403 985 4451 72⁵
1016 4390 1207 4453 alonge
1229 4390 1321 4440 (ΣΕ
1487 4404 1584 4453 730
1618 4390 1826 4453 iniquus
1847 4390 1990 4441 CED
2157 4406 2249 4453 731
2289 4388 2522 4440 Iehenne
2545 4390 2589 4439 C
2755 4402 2852 4451 733
2887 4387 3032 4439 Rore

818 4466 1028 4531 quidem
1050 4468 1241 4519 baratri
1267 4468 1315 4518 D
1462 4466 1592 4533 Cap.
1613 4484 1669 4519 x.
1732 4468 1975 4533 Headt'ng
2001 4484 2034 4518 a
2055 4469 2221 4520 vlixis
2244 4468 2384 4519 CED
2535 4480 2632 4530 747
2665 4466 2910 4529 turbaque
2931 4465 3022 4517 cE
