3434 5142
793 460 879 521 60
1501 455 1702 520 VOX
1761 455 2302 522 CLAMANTIS

960 621 1212 696 Iamque
1252 618 1383 679 dies
1424 618 1661 679 medius
1700 628 1914 679 tenues
1953 627 2328 679 contraxerat
2366 617 2622 691 vmbras,

960 719 1213 795 Iamque
1254 716 1381 793 pari
1422 714 1627 793 spacio
1667 734 1880 793 vesper
1919 726 1980 776 et
2021 726 2186 777 ortus
2225 728 2386 777 erat:

958 818 1081 877 Ter
1119 824 1329 893 quater
1367 814 1546 891 affligi
1586 814 1886 875 sociorum
1927 832 2179 891 corpora
2217 825 2372 876 terre

958 914 1120 987 Vidi,
1164 913 1389 990 datque
1428 930 1537 971 sua
1577 930 1740 971 mors
1782 911 1966 971 michi
2007 913 2176 990 signa
2215 913 2396 977 mori..

960 1012 1275 1089 Aspiciens
1317 1010 1515 1070 vultus
1552 1010 1808 1069 aliorum
1849 1010 2000 1071 cede
2039 1010 2372 1084 madentes,

963 1112 1060 1170 De
1100 1108 1339 1186 propria
1378 1108 1549 1167 timui
1592 1118 1784 1167 morte
1825 1125 2124 1168 remorsus
2163 1128 2318 1185 ego;

962 1207 1377 1283 crudelesque
1417 1223 1648 1279 manus,
1692 1204 1904 1267 orbem
1943 1206 2078 1266 sine
2115 1206 2346 1269 lumine
2386 1207 2531 1267 iuris

960 1304 1303 1381 Percipiens
1344 1303 1485 1378 dixi,
1531 1305 1549 1335 ‘
1567 1304 1697 1363 Iam
1739 1303 1902 1363 cadit
1942 1304 2095 1363 ordo
2134 1304 2240 1363 viri
2260 1306 2315 1379 '3
2873 1324 3008 1379 1370

964 1402 1165 1463 Bestia
1203 1420 1343 1461 cum
1383 1402 1651 1480 regimen
1693 1401 2010 1461 hominum
2053 1402 2342 1480 rapuisset
2381 1412 2444 1465 et
2481 1421 2663 1476 arina,

961 1501 1041 1560 Et
1082 1500 1251 1578 quod
1292 1500 1457 1560 nulla
1494 1499 1619 1559 suis
1658 1498 1891 1576 legibus
1929 1516 2090 1577 equa
2127 1500 2342 1561 forent.

965 1600 1110 1659 Hoc
1151 1598 1335 1657 michi
1376 1597 1613 1657 solliciti
1654 1596 1984 1657 certissima
2023 1616 2206 1659 causa
2246 1597 2478 1659 timoris

964 1697 1175 1756 Extitit
1212 1706 1276 1756 et
1313 1696 1489 1756 sortis
1529 1695 1696 1771 peior
1737 1694 1904 1772 origo
1945 1712 2119 1770 mee3

966 1793 1127 1855 Nam
1166 1794 1310 1871 quia
1350 1795 1437 1853 sic
1477 1810 1756 1870 proceres
1795 1792 1920 1854 vidi
1961 1793 2356 1857 succumbere
2393 1794 2598 1867 seruis,

963 1892 1112 1969 Spes
1154 1892 1343 1969 magis
1384 1891 1447 1951 in
1487 1890 1623 1951 fatis
1664 1891 1830 1951 nulla
1868 1891 2074 1953 salutis
2115 1902 2260 1953 erat.
2463 1970 2470 1977 .

966 1990 1075 2049 Est
1117 1990 1299 2049 michi
1336 1999 1509 2066 rupta
1546 1989 1768 2049 domus
1809 2006 1916 2067 per
1953 2006 2079 2060 eos,
2120 2008 2276 2066 quos
2317 2000 2488 2067 rupta
2527 1990 2803 2067 gehenna

966 2088 1233 2161 Miserat,
1276 2098 1340 2147 vt
1380 2088 1541 2165 leges
1584 2087 1858 2164 perderet
1897 2088 2050 2148 ordo
2091 2105 2268 2149 suas:

963 2186 1064 2245 Sic
1106 2186 1338 2263 fugiens
1376 2184 1501 2245 abii
1543 2185 1742 2246 subite
1779 2186 2056 2263 contagia
2097 2185 2302 2260 cladis,
2859 2256 2871 2269 ·

964 2283 1107 2344 Non
1146 2302 1327 2343 ausus
1368 2284 1493 2345 lese
1532 2283 1717 2343 limen
1759 2283 1927 2345 adire
1966 2284 2204 2345 domus.
2875 2305 2898 2343 1
2911 2292 3008 2357 380

1043 2382 1344 2459 Tuncque
1385 2382 1635 2442 domum
1676 2383 1978 2461 propriam
2019 2383 2298 2460 linquens
2337 2382 2533 2443 aliena
2571 2400 2680 2459 per
2717 2398 2862 2443 arua

962 2479 1328 2553 Tmnscuni,
1374 2496 1495 2558 que
1534 2480 1671 2541 seris
1712 2479 1964 2540 saltibus
2003 2479 2226 2557 hospes
2264 2498 2446 2541 eram.

965 2576 1207 2639 Morsus
1249 2596 1365 2656 ego
1405 2580 1622 2656 linguis
1661 2597 1700 2640 a
1741 2579 1924 2640 dorso
1963 2596 2108 2657 sepe
2147 2578 2376 2653 tuebar,

966 2676 1047 2735 Et
1087 2694 1222 2737 reus
1262 2675 1495 2754 absque
1534 2694 1675 2737 meo
1712 2677 1966 2737 crimine
2004 2694 2150 2755 sepe
2189 2678 2312 2739 fui:

962 2774 1063 2835 Sic
1102 2793 1239 2835 reus
1279 2776 1483 2836 infelix
1520 2794 1666 2854 agor
1704 2774 1942 2849 absens,
1975 2784 2038 2837 et
2079 2794 2216 2837 mea
2254 2794 2394 2837 cum
2435 2776 2514 2836 sit

965 2869 1228 2948 Optima,
1274 2890 1397 2932 non
1439 2873 1559 2933 vllo
1598 2890 1782 2933 causa
1820 2881 2029 2934 tuente
2068 2874 2239 2950 perit.

967 2970 1124 3031 Inde
1164 2971 1359 3032 ferens
1400 2972 1587 3032 lassos
1628 2972 1886 3032 aduerso
1927 2973 2162 3033 tramite
2202 2990 2429 3049 passus,

965 3068 1220 3145 Quesiui
1262 3078 1451 3129 tutam
1493 3070 1659 3130 solus
1698 3068 1923 3131 habere
1963 3070 2157 3131 viam:

964 3168 1250 3228 Attamen
1288 3168 1371 3228 ad
1411 3177 1640 3228 tantam
1680 3167 1910 3229 rabiem
1951 3168 2208 3245 pedibus
2249 3168 2428 3229 timor
2463 3168 2588 3229 alas

966 3264 1237 3338 Addidit,
1280 3275 1341 3325 et
1381 3266 1641 3325 volucris
1682 3266 1746 3325 in
1789 3266 2078 3345 fugiendo
2119 3266 2224 3326 fui.
2879 3288 3012 3343 ¹390

962 3362 1064 3423 Sic
1105 3380 1288 3441 vagus
1328 3363 1429 3423 hic
1470 3373 1533 3424 et
1576 3364 1676 3438 ibi,
1722 3382 1848 3441 quo
1889 3382 2016 3425 sors
2057 3361 2322 3425 ducebat
2361 3374 2626 3436 euntem,

962 3461 1285 3539 Temptaui
1328 3462 1488 3521 varia
1526 3482 1670 3523 cum
1709 3463 2002 3541 grauitate
2041 3464 2211 3524 loca:

966 3561 1083 3621 Pes
1123 3570 1296 3638 vagat
1338 3578 1529 3638 osque
1569 3562 1720 3634 silet,
1765 3560 1976 3621 oculus
2017 3572 2220 3637 stupet
2259 3570 2322 3621 et
2361 3560 2527 3621 dolet
2565 3558 2742 3633 auriS,
2814 3622 2818 3625 ,

966 3656 1089 3718 Cor
1128 3658 1299 3719 timet
1338 3667 1401 3719 et
1440 3658 1629 3737 rigide
1667 3658 1962 3736 diriguere
2001 3676 2198 3719 come.

964 3755 1133 3817 Sicut
1170 3774 1329 3833 aper,
1370 3775 1555 3834 quem
1596 3756 1770 3817 turba
1811 3776 2031 3818 oenum
2071 3756 2450 3818 circumsona
2487 3765 2682 3829 terret,

964 3854 1230 3915 Territus
1270 3864 1534 3917 extrema
1574 3855 1748 3916 rebar
1785 3856 1951 3916 adire
1990 3856 2141 3916 loca.

970 3952 1090 4026 Ha,
1134 3953 1425 4029 quociens
1463 3965 1689 4015 certam
1732 3971 1884 4014 sum
1925 3972 2033 4014 me
2073 3954 2360 4014 mentitus
2399 3950 2623 4013 habere

967 4049 1220 4125 Horam,
1263 4052 1573 4128 proposito
1612 4068 1734 4129 que
1775 4052 1926 4113 soret
1965 4062 2105 4128 apta
2147 4054 2322 4112 meo!

970 4146 1033 4207 Si
1073 4164 1193 4224 qua
1234 4159 1399 4225 parte
1440 4150 1623 4210 michi
1666 4150 1856 4227 magis
1897 4149 2222 4226 expediens
2265 4150 2418 4211 foret
2457 4149 2557 4222 ire,

970 4246 1245 4305 Perstetit
1286 4246 1349 4304 in
1390 4248 1591 4308 media
1630 4266 1739 4325 pes
1779 4248 1964 4308 michi
2003 4264 2152 4324 sepe
2188 4250 2322 4309 via:
2883 4248 3014 4313 1'400

876 4378 1003 4439 1369
1034 4376 1210 4426 limine
1233 4376 1272 4427 S
1450 4390 1577 4440 1377
1614 4378 1847 4428 lehennn
1868 4378 1912 4429 C
2101 4378 2232 4444 138⁶
2264 4378 2368 4430 ullo
2390 4394 2494 4430 om.
2518 4379 2567 4428 D
2592 4378 2782 4445 (marg.
2815 4378 3010 4442 deficio

810 4468 935 4519 ¹39²
968 4453 1149 4506 Gir-aui
1172 4454 1222 4506 D
1424 4469 1551 4521 139⁵
1584 4462 1756 4507 turma
1779 4457 1828 4509 D
