3434 5142
1001 472 1507 538 PROLOGUS
1568 474 1831 539 LIBRI
1890 474 2213 540 TERCII

671 634 731 692 N
733 652 815 693 on
857 642 1044 693 status
1086 634 1147 692 in
1190 633 1366 710 culpa
1405 652 1542 695 reus
1585 644 1692 710 est,
1738 645 1829 695 set
1868 636 2365 715 transgredientes

669 734 727 791 A
766 732 982 791 virtute
1021 742 1227 804 status,
1272 732 1448 809 culpa
1487 744 1776 810 nepugnat
1801 734 1923 794 ·eiS.

670 830 857 905 Quod
897 828 1108 889 dicunt
1147 830 1248 889 alii
1287 830 1559 903 scribam,
1606 831 1747 907 quia
1789 832 1933 892 nolo
1972 833 2140 911 quod
2180 834 2281 893 vni

669 928 920 987 Sumant
961 926 1122 987 istud
1163 945 1316 1004 opus
1355 928 1436 989 de
1475 928 1745 989 nouitate
1783 947 1934 989 mea.

670 1026 792 1102 Qui
833 1026 1037 1101 culpat
1075 1025 1228 1085 vicia
1265 1024 1510 1086 virtutes
1549 1026 1769 1099 laudat,
1812 1035 1878 1087 vt
1916 1028 2059 1089 inde

669 1121 799 1183 Stet
838 1122 1026 1199 magis
1067 1122 1196 1198 ipse
1237 1121 1434 1182 bonus
1474 1123 1538 1181 in
1583 1122 1853 1203 bonitate
1894 1143 2042 1186 sua:

667 1220 752 1279 Vt
793 1229 955 1297 patet
997 1220 1341 1296 oppositum
1383 1220 1564 1297 nigris
1605 1222 1977 1281 manifestius
2018 1222 2241 1298 album,

670 1318 769 1378 Sic
808 1315 970 1377 bona
1012 1336 1152 1376 cum
1193 1318 1362 1377 viciis
1403 1327 1544 1377 sunt
1585 1320 1881 1395 patefacta
1924 1321 2152 1398 magis:

669 1416 766 1475 Ne
804 1425 1010 1492 grauet
1049 1432 1192 1491 ergo
1232 1413 1445 1488 bonoS,
1491 1424 1694 1493 tangat
1738 1418 1787 1476 si
1828 1419 2079 1495 scriptor
2115 1419 2373 1497 iniquOS,

669 1512 969 1571 Ponderet
1009 1512 1127 1571 hoc
1167 1512 1364 1572 cordis
1409 1513 1545 1571 lanx
1586 1514 1875 1591 pacientis
1916 1534 2107 1577 onus:

669 1611 826 1670 Vera
867 1618 1088 1687 negant
1131 1609 1314 1686 pingi,
1358 1610 1499 1686 quia
1539 1630 1678 1671 vera
1717 1612 1936 1673 relacio
1978 1613 2159 1674 scribi

668 1707 886 1779 Debet,
933 1724 1056 1767 non
1097 1706 1305 1767 blandi
1345 1707 1492 1767 falsa
1532 1708 1773 1786 loquela
1812 1709 1953 1770 doli.

665 1807 727 1867 Si
768 1823 888 1883 qua
927 1806 1111 1864 michi
1153 1805 1373 1865 sintilla
1411 1806 1564 1867 foret
1603 1826 1831 1882 sensim,
1873 1826 2083 1885 precor
2122 1810 2283 1870 illam

666 1904 766 1964 Ad
807 1902 1118 1973 cumulum
1155 1902 1382 1963 fructus
1423 1914 1636 1981 augeat
1677 1905 1777 1965 ille
1817 1905 2007 1965 deus:

667 2001 730 2061 Si
770 2019 891 2079 qua
931 1998 1078 2059 boni
1121 2001 1409 2076 scriptura
1451 2010 1632 2075 tenet,
1675 2002 1797 2061 hoc
1838 2003 1971 2061 fons
2014 2001 2299 2064 bonitatis

667 2099 857 2159 Stillet
897 2098 1123 2176 detque
1161 2099 1314 2158 deus
1353 2117 1474 2175 que
1513 2097 1678 2160 bona
1716 2097 1937 2159 scribat
1976 2100 2202 2161 homo:

666 2195 1006 2256 Fructificet
1045 2196 1196 2256 deus
1235 2196 1299 2255 in
1340 2196 1567 2256 famulo
1607 2214 1729 2273 que
1768 2196 1985 2273 scripta
2024 2196 2331 2271 iuuabunt,

667 2295 865 2371 Digna
907 2294 1198 2358 ministret
1238 2293 1425 2354 homo
1465 2295 1710 2369 semina,
1756 2312 1938 2372 grana
1978 2294 2146 2355 deus.

665 2393 836 2452 Mole
877 2392 959 2452 rei
1002 2392 1192 2452 victus
1233 2392 1424 2452 fateor
1461 2391 1809 2466 succumbo,
1856 2403 1948 2453 set
1988 2393 2183 2469 ipsam·

666 2491 836 2566 Spes‘
855 2489 1038 2549 michi
1065 2488 1374 2565 ‚promittit
1414 2489 1693 2550 claudere
1736 2488 1857 2549 fine
1898 2488 2103 2551 bono:

664 2587 850 2664 Quod
883 2606 1020 2664 spes
1060 2587 1366 2664 promittit,
1409 2605 1578 2647 amor
1617 2587 2000 2664 amplexatur,
2046 2588 2277 2665 virique

663 2686 1089 2762 Auxiliumque
1127 2686 1280 2747 fides
1317 2686 1759 2763 consiliumque
1796 2686 1973 2760 facit3

664 2784 949 2862 Suggerit,
994 2783 1250 2861 instigat,
1297 2784 1524 2858 suadet,
1569 2784 1949 2861 fructumque
1989 2781 2207 2845 laboris

663 2882 950 2959 Spondet,
994 2890 1055 2941 et
1095 2882 1400 2956 exclamat,
1448 2885 1464 2911 ‘
1485 2881 1711 2957 Incipe,
1756 2882 1861 2942 fiet
1901 2881 2091 2957 opus!

2590 498 2705 557 ¹03

2529 1132 2705 1201 ,30

2524 2148 2531 2157 .
2635 2129 2703 2177 40

744 2981 888 3056 Quo
929 2980 1124 3039 minor
1163 2990 1255 3039 est
1295 2998 1506 3040 sensus
1547 2996 1737 3052 meuS,
1780 2978 1940 3039 adde
1981 2988 2167 3053 tuum,
2213 2979 2379 3054 dem,
2416 2991 2477 3041 et
2518 2981 2611 3055 da,

663 3078 806 3152 Oro,
851 3078 982 3155 pios
1022 3078 1220 3138 vultus
1261 3078 1341 3137 ad
1383 3094 1516 3137 mea
1555 3088 1698 3136 vota
1738 3086 1915 3136 tuos:

662 3176 746 3235 Vt
785 3175 971 3235 nichil
1009 3174 1262 3253 abrupte
1303 3173 1442 3235 sibi
1485 3184 1805 3250 presumat
1846 3174 2013 3234 stilus
2055 3175 2181 3247 iste,

664 3273 761 3333 Da
800 3272 1036 3333 veniam
1077 3281 1272 3348 cept0‚
1317 3282 1397 3344 te,
1441 3271 1608 3343 deuS,
1653 3288 1778 3344 or0,
1822 3288 1980 3332 meo.

663 3370 808 3429 Non
849 3387 962 3446 ego
1005 3369 1264 3430 sidereas
1301 3370 1520 3429 affecto
1559 3379 1803 3446 tangere
1844 3368 2038 3442 sedes,

663 3465 932 3527 Scribere
972 3484 1088 3527 nec
1129 3466 1348 3526 summi
1391 3466 1624 3525 mistica
1663 3482 1853 3541 quero
1894 3465 2015 3541 poli
2041 3483 2059 3538 ;

663 3562 768 3623 Set
808 3563 1014 3640 magiS,
1057 3563 1324 3622 humana
1363 3580 1484 3640 que
1523 3580 1642 3622 vox
1681 3561 2020 3622 communis
2061 3562 2141 3623 ad
2182 3572 2345 3621 extra

661 3659 895 3737 Plangit
938 3659 998 3719 in
1043 3660 1156 3720 hac
1197 3670 1367 3734 terra,
1411 3659 1608 3720 scribo
1651 3660 1943 3720 moderna
1982 3659 2175 3720 mala:

660 3758 836 3818 Vtilis
875 3758 1134 3819 aduerso
1173 3758 1314 3835 quia
1355 3757 1584 3818 confert
1625 3768 1897 3833 tempore
1938 3774 2151 3830 sermo,

661 3856 943 3917 Promere
983 3856 1170 3917 tendo
1211 3856 1370 3915 mala
1410 3856 1528 3915 iam
1569 3854 1733 3915 bona
1773 3852 1955 3914 verba
1994 3854 2111 3915 die.

662 3954 844 4013 Nulla
884 3954 1159 4017 Susurro¹
1179 3963 1361 4031 queat
1399 3954 1711 4029 imponere
1753 3952 2051 4025 scandala,
2096 3970 2203 4029 per
2243 3970 2363 4030 que

658 4050 838 4110 Auris
879 4052 942 4110 in
983 4050 1194 4112 auditu
1236 4050 1494 4129 negligat
1533 4067 1640 4111 ora
1679 4050 1854 4110 libri:

573 4204 582 4209 .
661 4148 802 4207 Non
846 4148 1038 4209 malus
1081 4150 1370 4225 interpres
1409 4148 1674 4225 aliquam
1713 4148 1899 4207 michi
1940 4148 2203 4209 concitet
2243 4148 2409 4223 iram,

661 4244 828 4321 Quid
871 4245 985 4305 nisi
1025 4246 1402 4323 transgressis
1443 4246 1590 4307 dum
1631 4246 1844 4323 loquar
1884 4245 2013 4321 ipse
2052 4244 2184 4306 reis,

660 4342 880 4421 Erigat,
925 4360 1050 4418 or0,
1095 4344 1195 4420 pia
1236 4352 1480 4404 tenuem
1522 4360 1739 4404 manus
1780 4360 1919 4419 ergo
1960 4354 2273 4419 carectam,

749 4459 756 4465 '
1077 4458 1146 4519 46
1176 4456 1548 4521 conciliumque
1567 4456 1624 4509 H
1703 4446 1710 4453 ⁵
1748 4514 1761 4521 ,
1821 4458 1889 4521 58
1919 4456 2055 4508 malo
2076 4456 2120 4509 C

2630 3102 2699 3153 50

2598 4040 2702 4109 '60
