3434 5142
1109 482 1394 548 LIBER
1453 484 1959 553 SECUNDUS

592 646 650 705 Ν
653 662 772 704 unc
813 652 928 703 stat
970 652 1030 703 et
1071 642 1268 705 abstat
1308 644 1512 720 homo,
1558 646 1660 707 flat
1699 656 1761 709 et
1802 648 1977 723 efflat,
2022 648 2193 712 floret
2234 662 2294 713 et
2335 664 2477 724 aret,

588 745 718 804 Nec
759 749 964 801 manet
1003 741 1156 801 vllus
1199 742 1254 802 ei
1296 742 1502 803 firmus
1543 744 1606 803 in
1649 744 1796 806 orbe
1836 746 2071 823 gradus.

591 837 811 915 Incipit
851 855 994 898 ecce
1035 838 1187 899 mori
1227 840 1331 913 vir,
1374 859 1514 900 cum
1558 842 1676 901 iam
1718 841 1939 903 fuderit
1977 844 2119 904 aluo

587 939 784 997 Mater
821 953 984 1007 eum,
1027 954 1210 1013 quem
1252 947 1390 1015 post
1429 939 1708 999 terminat
1748 941 1895 1000 hora
1935 940 2170 1003 breuis:

588 1034 889 1094 Infantem
931 1032 1122 1109 fletuS,
1167 1052 1419 1111 puerum
1463 1036 1642 1111 scola,
1686 1037 1861 1097 luxus
1902 1039 2193 1113 adultum,

586 1130 987 1208 Ambicioque
1028 1132 1220 1191 virum
1261 1142 1434 1193 vexat
1475 1152 1653 1194 auara
1694 1154 1941 1211 senem3

585 1230 725 1290 Sola
765 1246 880 1288 nec
920 1246 1039 1288 vna
1079 1229 1208 1289 dies
1251 1230 1482 1290 homini
1523 1240 1645 1290 tam
1687 1232 1809 1292 leta
1847 1232 2159 1307 ministrat,

587 1327 750 1402 Quin
795 1325 969 1387 dolor
1009 1343 1082 1385 ex
1121 1326 1322 1403 aliqua
1362 1336 1528 1404 parte
1571 1328 1821 1411 nocebit.
1855 1328 1929 1389 ei.

664 1425 726 1484 Si
769 1434 970 1483 tamen
1013 1441 1144 1483 esse
1186 1434 1383 1500 potest
1424 1425 1591 1502 quod
1632 1426 1775 1484 felix
1814 1436 1971 1487 esset
2012 1427 2075 1487 in
2116 1428 2279 1503 orbe,

588 1522 838 1581 Dudum
881 1521 1084 1582 felices
1128 1538 1239 1581 nos
1281 1520 1450 1582 dedit
1489 1540 1622 1582 esse
1664 1522 1855 1585 deus:

584 1617 893 1696 Quicquid
933 1637 1168 1678 summa
1210 1636 1424 1678 manus
1464 1620 1660 1696 potuit
1699 1620 1969 1681 conferre
2010 1624 2239 1698 creatiS,

583 1716 856 1777 Contulit
896 1717 1014 1777 hoc
1055 1715 1232 1777 nobis
1274 1718 1678 1794 prosperitatis
1718 1736 1891 1795 opus„

584 1814 786 1874 Huius
827 1823 952 1874 erat
991 1814 1129 1887 vite,
1173 1814 1222 1874 si
1263 1833 1384 1892 que
1422 1815 1518 1888 sit,
1560 1815 1746 1892 gloria
1786 1834 2037 1890 summe,

583 1911 776 1972 Nobis
817 1930 925 1990 pre
964 1913 1204 1989 reliquis
1245 1912 1605 1989 amplificata
1645 1914 1850 1989 magis.

581 2011 879 2087 Tuncque
921 2011 1104 2071 fuisse
1143 2012 1326 2071 deum
1369 2008 1546 2071 nobis
1587 2010 1902 2086 specialius
1944 2014 2109 2072 omni

583 2106 958 2168 Conuersum
1001 2108 1179 2185 plebe
1218 2108 1446 2168 clamor
1483 2106 1708 2185 vbique
1750 2108 1897 2169 fuit:

582 2207 889 2284 Famaque
929 2208 1017 2269 sic
1059 2206 1289 2279 mundi,
1335 2204 1635 2282 nobisque
1675 2204 1919 2266 beacius
1959 2207 2127 2266 omni

581 2304 851 2382 Tempus
893 2316 1016 2365 erat
1057 2306 1284 2382 populo
1327 2322 1517 2381 nuper
1533 2324 1552 2379 3
1608 2306 1668 2364 et'
1710 2322 1857 2365 ecce
1894 2304 2081 2365 modo

580 2402 860 2479 Turpiter
900 2402 1160 2463 extincta
1201 2411 1341 2462 sunt
1382 2412 1586 2461 nostra
1625 2398 1803 2461 beata
1842 2412 2076 2462 vetusta

581 2500 900 2577 Tempora,
940 2518 1080 2559 nam
1123 2518 1366 2577 presens
1409 2508 1647 2575 torquet
1686 2514 1888 2559 amara
1928 2499 2073 2560 dies

581 2597 780 2671 Quam
823 2597 944 2656 cito
985 2607 1278 2657 venerunt
1316 2596 1491 2657 sortis
1533 2594 1795 2656 melioris
1837 2596 2112 2672 honoreS,

581 2694 734 2753 Tam
776 2694 898 2753 cito
939 2694 1223 2755 decasum
1265 2693 1666 2772 prosperitatis
1708 2692 1971 2755 habent:

581 2792 710 2851 Nos
750 2792 874 2852 cito
915 2792 1240 2865 floruimuS,
1285 2802 1376 2853 set
1417 2792 1530 2852 flos
1567 2800 1694 2851 erat
1736 2792 1835 2851 ille
1876 2792 2159 2865 oeducus,

580 2890 970 2968 Flammaque
1011 2890 1089 2951 de
1131 2892 1348 2968 stipula
1387 2901 1590 2951 nostra
1632 2890 1698 2949 fit
1740 2890 1839 2950 illa
1880 2888 2116 2965 breuis;

579 2987 683 3047 Set
723 2986 894 3047 labor
933 2996 994 3048 et
1035 3006 1176 3048 cure
1217 2988 1575 3065 fortunaque
1595 2986 1885 3059 ,moribus
1928 2987 2133 3065 impar,

580 3085 767 3161 Quod
809 3086 919 3145 fuit
959 3086 1258 3147 excelsum
1303 3085 1422 3144 iam
1464 3086 1594 3146 sine
1633 3086 1767 3163 lege
1808 3096 2007 3145 ruunt.

581 3184 799 3244 Nostra
839 3202 948 3261 per
987 3185 1289 3245 inmensas
1329 3182 1498 3243 ibant
1539 3183 1822 3261 preconia
1862 3193 2085 3261 gentes,

580 3280 719 3355 Que
759 3282 946 3341 modo
987 3290 1214 3341 mutata
1255 3291 1412 3341 sorte
1454 3281 1674 3357 pericla
1715 3282 1928 3341 ferunt.

659 3379 937 3453 Querunt
977 3390 1289 3457 propterea
1330 3380 1528 3456 plures
1571 3396 1676 3437 cur
1716 3389 1953 3456 tempus
1996 3387 2055 3439 et
2094 3397 2237 3439 aura

580 3477 707 3537 Stat
747 3476 935 3536 modo
975 3477 1236 3537 deterius
1278 3495 1460 3554 quam
1503 3478 1656 3537 solet
1696 3494 1830 3537 esse
1870 3478 2063 3554 prius:

579 3575 854 3650 Querunt
896 3592 1001 3633 cur
1040 3583 1207 3634 tanta
1247 3572 1425 3634 nobis
1465 3576 1635 3652 quasi
1677 3573 1979 3635 cotidiana

577 3674 804 3732 Assunt
845 3673 1084 3732 insolita
1124 3690 1288 3732 nunc
1327 3674 1599 3750 grauiora
1639 3674 1832 3733 mala:

578 3771 736 3830 Nam
778 3770 962 3829 nichil
1003 3769 1065 3829 in
1106 3779 1260 3829 terra
1299 3770 1654 3848 contingens
1696 3770 1763 3830 fit
1804 3771 1934 3830 sine
1972 3786 2169 3843 causa,

577 3868 741 3928 Sicut
783 3866 900 3927 Iob
941 3866 1164 3939 docuit,
1208 3867 1312 3945 qui
1354 3868 1511 3927 mala
1550 3869 1739 3928 multa
1781 3868 1930 3927 tulit.

577 3965 655 4025 Se
693 3974 898 4025 tamen
939 3964 1218 4024 inmunes
1258 3982 1439 4024 cause
1480 3965 1881 4025 communiter
1920 3980 2133 4024 omnes

575 4060 818 4135 Dicunt,
861 4072 923 4121 vt
963 4062 1014 4121 si
1056 4062 1191 4139 quis
1233 4080 1358 4122 non
1399 4062 1550 4122 foret
1591 4062 1735 4123 inde
1774 4080 1952 4136 reus3

574 4160 878 4219 Accusant
919 4159 1142 4220 etenim
1184 4161 1482 4219 fortunam
1526 4160 1645 4218 iam
1685 4158 1990 4230 variatam,

577 4256 862 4317 Dicentes
903 4256 1070 4333 quod
1111 4274 1184 4317 ea
1225 4265 1340 4317 stat
1379 4256 1568 4333 magis
1608 4256 1754 4316 inde
1796 4274 1911 4316 rea.

575 4354 916 4415 Fortunam‘
939 4354 1218 4432 reprobat
1261 4372 1424 4414 nunc
1464 4355 1660 4414 omnis
1703 4355 1905 4430 homo,
1950 4354 2091 4434 quia
2130 4362 2323 4414 mutat

1335 4481 1372 4531 9
1403 4465 1578 4517 obstat
1602 4464 1696 4515 ED

2549 498 2631 573 85

2568 774 2629 810 10

2562 1749 2627 1783 20

2554 2722 2624 2771 30
