3434 5142
832 420 874 462 2
1708 393 2168 459 EPISTOLA

836 558 1021 631 Hinc,
1063 566 1245 634 pater,
1290 574 1489 629 exon-0,
1534 555 1836 633 scripturis
1878 554 2147 632 dumque
2187 552 2413 627 laboro,

832 655 934 716 Ad
976 654 1243 732 requiem
1285 652 1546 713 mentis
1586 653 1902 712 animam
1946 653 2227 729 dispone
2267 651 2598 727 studentis;

832 754 1082 829 Semper
1122 752 1371 829 speraui,
1417 768 1537 830 que
1576 761 1807 828 patrem
1849 760 1910 809 te
1953 768 2188 827 semper
2227 750 2446 821 amani,

832 852 991 927 Quo
1033 851 1247 910 michi
1290 850 1526 911 finalis
1568 858 1690 909 tua
1732 848 1971 925 gracia
2011 848 2104 907 sit
2145 848 2508 925 specialis·

832 948 1037 1007 Nunc
1078 948 1244 1025 quia
1288 948 1570 1009 diuisus
1612 964 1810 1005 meus
1855 955 1962 1006 est
2001 962 2038 1005 a
2080 963 2372 1022 corpore
2413 944 2634 1021 visua,

830 1046 978 1105 Lux
1017 1055 1139 1105 tua
1181 1063 1319 1123 que
1359 1045 1553 1106 lucet
1593 1045 1830 1104 anime
1871 1044 2177 1121 vestigia
2219 1044 2454 1117 ducet,

828 1144 1107 1221 Corpus
1148 1155 1215 1204 et
1256 1154 1593 1221 egrotum,
1636 1151 1842 1203 vetus
1885 1150 1952 1201 et
1996 1140 2410 1203 miserabile
2451 1150 2696 1215 totum,

830 1241 934 1301 Ne
974 1240 1461 1315 conturbetur,
1505 1251 1573 1301 te
1614 1240 2002 1301 defensore
2042 1240 2376 1315 iuuetur3

829 1338 917 1399 Et
958 1340 1061 1399 sic
1100 1341 1459 1400 viuentem
1502 1348 1751 1399 custos
1793 1338 2003 1398 simul
2043 1348 2112 1398 et
2154 1338 2578 1405 morientem

826 1435 1126 1513 Suscipe
1168 1454 1275 1497 me
1316 1454 1559 1497 cecum
1602 1447 1720 1497 tua
1760 1454 1883 1513 per
1923 1436 2257 1513 suffragia
2293 1446 2550 1497 tecum.

827 1534 977 1593 Lux
1016 1543 1138 1593 tua
1179 1552 1461 1593 morosa
1502 1534 1589 1594 de
1631 1534 1855 1611 stirpe
1897 1534 2170 1594 micans
2210 1552 2558 1611 generosa

825 1630 1141 1692 Condita
1182 1630 1317 1691 sub
1357 1632 1601 1692 cinere
1644 1650 1786 1691 non
1829 1630 2048 1694 debet
2091 1632 2161 1691 in
2205 1630 2380 1693 orbe
2418 1632 2659 1693 latere.

906 1729 1106 1791 Claret
1146 1728 1475 1790 Arundella
1515 1730 1683 1806 quasi
1728 1729 1829 1789 Sol
1871 1730 1950 1790 de
1990 1731 2125 1790 luce
2167 1730 2423 1805 nouella,

824 1826 963 1901 Que
1004 1837 1064 1885 te
1105 1826 1399 1903 produxit,
1444 1845 1564 1905 que
1604 1837 1664 1888 te
1703 1826 1866 1903 prius
1907 1826 2089 1887 vbere
2129 1826 2338 1887 succit.

824 1926 907 1984 Es
948 1924 1090 2002 quia
1131 1933 1293 1983 totus
1337 1926 1476 1983 Mas
1518 1924 1794 1984 vocitaris
1835 1924 2065 2002 origine
2106 1924 2394 1996 Thomas,

819 2022 1002 2083 Vnde
1041 2021 1161 2083 deo
1203 2032 1365 2083 totus
1407 2022 1487 2081 sis
1528 2021 1607 2082 ab
1650 2022 1816 2082 omni
1861 2021 1998 2082 labe
2039 2031 2345 2096 remotus;

822 2120 901 2177 Et
942 2119 1027 2179 sic
1068 2120 1328 2196 prelatus
1372 2138 1533 2179 nunc
1575 2119 1753 2181 Cristi
1796 2119 1928 2197 lege
1968 2130 2232 2179 sacratus

821 2217 1043 2293 Legem
1086 2234 1425 2289 conseruaS,
1473 2235 1593 2295 qua
1631 2227 1693 2277 te
1737 2217 1866 2277 sine
1907 2216 2044 2277 labe
2085 2234 2365 2278 reseruas.

819 2315 948 2375 Stat
989 2316 1175 2375 modo
1218 2333 1423 2375 secura
1464 2324 1567 2375 tua
1608 2316 1744 2389 lux,
1789 2316 1919 2376 sine
1959 2316 2208 2377 crimine
2248 2332 2413 2392 pura,

818 2412 1181 2489 Claraque
1212 2414 1544 2487 lucescit,
1588 2412 1782 2491 quod
1823 2432 1972 2473 eam
2017 2414 2120 2473 nil
2160 2424 2368 2491 turpe
2409 2414 2788 2493 repressit:

817 2510 1038 2587 Anglia
1078 2510 1307 2585 letetur,
1351 2512 1592 2571 lumen
1633 2512 1803 2589 quia
1840 2513 1984 2572 tale
2023 2521 2353 2585 meretur,

817 2609 962 2684 Quo
1002 2606 1159 2669 bene
1201 2610 1471 2669 viuentes
1510 2618 1616 2670 tua
1656 2610 1777 2670 sint
1817 2610 2092 2686 exempla
2132 2618 2468 2687 sequentes.

817 2706 933 2767 Per
972 2714 1033 2765 te
1074 2705 1357 2765 succedet
1397 2723 1568 2765 amor
1608 2707 1823 2781 omniS,
1869 2716 1930 2768 et
1971 2706 2056 2767 ira
2095 2705 2354 2780 recedet,

814 2801 1062 2878 Subque
1102 2811 1206 2862 tua
1245 2820 1387 2863 cura
1429 2812 1570 2863 sunt
1610 2820 1894 2881 prospera
1935 2814 2154 2863 cuncta
2193 2804 2425 2864 futura:

815 2899 895 2959 Et
936 2900 1077 2977 quia
1116 2901 1203 2959 sic
1242 2900 1431 2961 creuit
1470 2910 1575 2961 tua
1615 2902 1734 2975 lux,
1779 2912 2117 2979 terramque
2157 2902 2427 2979 repleuit,

814 2996 936 3056 Det
978 2997 1127 3058 deus
1168 3008 1231 3057 vt
1270 2998 1403 3058 talis
1444 2998 1554 3059 tibi
1597 3000 1699 3058 lux
1742 3000 1816 3060 sit
1859 3000 2234 3076 perpetualis.

814 3094 953 3155 Hec
995 3094 1211 3156 Gower
1252 3096 1463 3174 querit,
1508 3097 1613 3175 qui
1654 3107 1793 3157 tuus
1831 3107 1923 3159 est
1965 3107 2025 3159 et
2067 3098 2195 3160 erit.

2971 1262 3036 1313 30

2959 2242 3028 2293 4⁰
