3434 5142
928 456 1403 527 CAPITULA
1460 460 1718 527 LIBRI
1781 462 2104 529 TERC11
2685 483 2725 549 7³

924 696 1269 771 Incipiunt
1308 695 1631 771 capitula
1670 694 1830 756 libri
1868 692 2117 758 Tercii.

302 850 619 930 Prologus,
665 852 789 912 Hic
827 852 973 913 dicit
1009 852 1194 931 quod,
1224 870 1422 930 exquo
1456 870 1581 913 non
1619 868 1655 913 a
1693 850 1934 914 fortuna
1962 862 2054 914 set
2081 854 2306 915 meritis
2332 866 2392 916 et
2420 856 2722 917 demeritis

636 968 707 1010 ea
744 968 865 1028 que
900 969 1013 1010 nos
1054 951 1117 1009 in
1148 950 1379 1011 mundo
1418 969 1701 1028 prospera
1730 960 1790 1011 et
1818 951 2071 1012 aduersa
2097 970 2383 1013 vocamus
2411 954 2595 1032 digno
2623 954 2721 1015 dei

634 1046 860 1108 iudicio
901 1044 1249 1108 hominibus
1284 1050 1660 1126 contingunt,
1700 1048 1960 1111 intendit
1992 1058 2429 1129 consequenter
2465 1052 2721 1114 scribere

635 1144 713 1207 de
751 1155 907 1207 statu
947 1145 1279 1220 hominum,
1316 1146 1569 1224 qualiter
1605 1165 1671 1208 se
1705 1148 1786 1207 ad
1820 1165 2064 1223 presens
2101 1146 2342 1222 habent,
2383 1149 2718 1211 secundum

632 1244 751 1303 hoc
776 1244 945 1321 quod
972 1262 1077 1321 per
1104 1244 1447 1320 sompnium
1474 1244 1745 1321 superius
1773 1243 2002 1305 dictum
2029 1245 2178 1306 vidit
2205 1255 2266 1305 et
2292 1247 2539 1307 audiuit.

301 1339 506 1417 Capru.
538 1340 576 1399 i.
624 1340 749 1400 Hic
791 1350 1001 1401 tractat
1043 1340 1296 1419 qualiter
1336 1350 1523 1401 status
1563 1351 1624 1401 et
1665 1341 1816 1402 ordo
1859 1342 2070 1402 mundi
2111 1340 2174 1401 in
2216 1342 2404 1403 tribus
2443 1344 2718 1405 consistit

630 1438 947 1516 gradibus:
976 1449 1115 1499 sunt
1143 1439 1324 1512 enim,
1354 1450 1416 1498 vt
1445 1438 1607 1512 dicit,
1637 1438 1864 1514 Cleru3‚
1898 1438 2172 1513 Milicies,
2203 1449 2264 1500 et
2293 1440 2714 1519 Agricultores,

630 1536 708 1598 de
749 1555 1005 1615 quorum
1033 1554 1230 1597 errore
1267 1537 1479 1597 mundi
1510 1536 1830 1596 infortunia
1865 1534 2042 1597 nobis
2077 1536 2448 1616 contingunt.
2533 1540 2716 1601 Vnde

628 1652 734 1711 pre
780 1634 911 1694 aliis
961 1634 1289 1695 videndum
1339 1641 1431 1694 est
1479 1634 1556 1695 de
1604 1652 1799 1694 errore
1846 1634 2023 1708 Cleri,
2068 1636 2350 1713 precipue
2393 1636 2454 1695 in
2503 1636 2715 1698 ordine

628 1730 1008 1807 prelatorum,
1052 1732 1155 1809 qui
1208 1732 1585 1808 potenciores
1642 1728 1774 1791 aliis
1828 1730 2122 1807 existunt3
2192 1743 2252 1792 et
2306 1734 2497 1809 primo
2554 1733 2714 1795 dicet

626 1828 707 1889 de
762 1830 875 1890 illis
932 1831 1036 1907 qui
1091 1830 1271 1892 Cristi
1327 1829 1552 1889 scolam
1608 1828 2012 1907 dogmatizant
2067 1839 2127 1890 et
2182 1830 2310 1890 eius
2351 1831 2710 1891 contrarium

626 1938 967 2003 operantur.

294 2020 498 2101 Capm.
530 2018 589 2083 ii.
638 2024 763 2085 Hic
813 2024 1080 2104 loquitur
1126 2024 1205 2086 de
1250 2022 1489 2103 prelatis
1536 2024 1667 2099 illis,
1712 2024 1818 2104 qui
1865 2026 2122 2085 carnalia
2169 2036 2518 2103 appetentes
2569 2024 2714 2087 vltra

624 2116 876 2183 modum
905 2123 1159 2185 delicate
1186 2122 1414 2184 viuunt.

294 2218 499 2296 Capm.
530 2218 611 2279 iii.
660 2221 783 2280 Hic
805 2220 1067 2298 loquitur
1088 2220 1166 2283 de
1188 2220 1427 2300 prelatis
1449 2220 1581 2293 illis,
1606 2220 1710 2297 qui
1732 2220 1908 2280 lucris
1929 2220 2176 2281 terrenis
2205 2219 2450 2295 inhiant,
2482 2221 2711 2283 honore

622 2318 877 2395 prelacie
903 2318 1187 2395 gaudent,
1216 2327 1278 2379 et
1310 2336 1433 2379 non
1463 2326 1527 2378 vt
1555 2317 1785 2397 prosint
1813 2317 1922 2378 sed
1948 2328 2010 2377 vt
2038 2318 2261 2395 presint
2299 2315 2708 2397 episcopatum

624 2414 981 2476 desiderant.
1404 2496 1411 2501 .

292 2510 494 2589 Capu.
524 2510 629 2571 iiii.
678 2512 800 2571 Hic
849 2512 1114 2591 loquitur
1155 2508 1233 2575 de
1279 2510 1511 2590 legibus
1552 2530 1762 2573 eorum
1803 2512 2092 2590 positiuis,
2143 2530 2263 2591 que
2310 2514 2586 2590 quamuis
2631 2516 2710 2575 ad

622 2610 851 2670 cultum
892 2610 1093 2672 anime
1135 2612 1466 2672 necessarie
1509 2629 1631 2670 non
1674 2620 1836 2685 sunt,
1877 2609 2136 2671 infinitas
2184 2620 2386 2672 tamen
2428 2612 2710 2671 constitu-

620 2706 825 2767 ciones
852 2706 1021 2785 quasi
1043 2708 1266 2769 cotidie
1284 2707 1364 2768 ad
1392 2726 1599 2769 eorum
1626 2709 1860 2767 lucrum
1888 2706 2064 2768 nobis
2089 2708 2344 2785 grauiter
2371 2706 2706 2783 imponunt.

288 2801 492 2879 Capm.
523 2821 577 2861 v.
626 2804 749 2862 Hic
785 2804 1049 2882 loquitur
1077 2805 1156 2866 de
1194 2805 1432 2883 prelatis
1469 2804 1600 2880 illis,
1631 2805 1737 2883 qui
1776 2804 1938 2865 bona
1965 2804 2176 2865 mundi
2203 2804 2552 2882 temporalia
2577 2823 2710 2883 pos-

620 2900 885 2961 sidentes
914 2902 1238 2979 spiritualia
1264 2902 1569 2963 omittunt.

288 2996 491 3075 Capm.
522 2998 601 3057 vi.
648 2998 771 3057 Hic
813 2997 1077 3077 loquitur
1117 3000 1369 3077 qualiter
1412 3000 1645 3062 Cristus
1687 3018 1900 3079 pacem
1939 2998 2062 3060 suis
2099 2998 2406 3077 discipulis
2443 2999 2612 3062 dedit
2649 3011 2709 3063 et

619 3096 891 3175 reliquit:
933 3096 1080 3157 dicit
1107 3109 1310 3159 tamen
1340 3096 1505 3177 quod
1536 3096 1722 3159 modo
1750 3108 1993 3175 propter
2019 3096 2182 3158 bona
2211 3106 2444 3158 terrena
2471 3117 2708 3176 guerras

620 3194 831 3255 saltem
853 3205 1061 3254 contra
1089 3195 1418 3257 Cristianos
1446 3183 1655 3273 prelati
1677 3194 1910 3273 legibus
1937 3194 2059 3255 suis
2087 3194 2358 3271 positiuis
2385 3195 2707 3257 instituunt

619 3299 680 3351 et
706 3302 1120 3369 prosequutur.

284 3384 489 3463 Capta.
520 3386 622 3447 vii.
666 3387 790 3447 Hic
817 3387 1081 3466 loquitur
1107 3389 1360 3466 qualiter
1387 3390 1579 3450 clerus
1609 3388 1670 3448 in
1698 3406 1904 3449 amore
1941 3388 2040 3449 dei
2075 3398 2135 3449 et
2172 3388 2424 3465 proximi
2457 3386 2704 3449 deberet

618 3484 753 3561 pius
780 3494 842 3545 et
870 3485 1111 3561 paciens
1139 3486 1405 3561 existere,
1438 3496 1498 3547 et
1527 3504 1651 3546 non
1680 3485 2019 3547 bellicosus.

286 3580 486 3659 Capm.
518 3581 639 3640 viii.
687 3581 809 3640 Hic
836 3590 1047 3641 tractat
1076 3582 1267 3643 eciam
1296 3584 1549 3661 qualiter
1572 3602 1694 3643 non
1723 3582 1901 3644 decet
1929 3584 2186 3660 prelatos
2213 3599 2288 3642 ex
2314 3580 2704 3659 impaciencia

615 3689 824 3738 contra
861 3679 1152 3757 populum
1191 3676 1558 3741 cristianum
1590 3680 1928 3759 aliqualiter
1959 3678 2114 3741 bella
2142 3697 2424 3754 mouere;
2465 3690 2555 3741 set
2583 3690 2707 3741 tan-

614 3785 745 3835 tum
786 3794 859 3837 ex
902 3776 1180 3854 precibus
1226 3775 1458 3855 absque
1500 3778 1729 3857 impetu
1778 3780 1862 3839 ire
1909 3796 2155 3838 omnem
2210 3778 2328 3839 deo
2381 3777 2708 3841 adiuuante

614 3874 828 3934 mundi
857 3873 1181 3935 deuincant
1208 3876 1525 3937 maliciam.

284 3970 485 4049 Capfl’.
520 3970 597 4029 ix.
639 3972 765 4031 Hic
800 3981 1013 4031 tractat
1050 3973 1235 4049 quod,
1267 3974 1423 4033 sicut
1460 3992 1585 4035 non
1623 3974 1800 4035 decet
1837 3973 2121 4035 dominos
2158 3974 2514 4052 temporales
2542 3992 2707 4036 usur-

348 4130 441 4181 iiii.
482 4130 588 4181 Hic
609 4130 845 4193 loquitur
860 4131 1122 4194 quomodo
1142 4133 1478 4197 diligentibus
1509 4133 1750 4198 positiuis
1771 4134 1921 4198 quasi
1950 4134 2187 4198 quotidie
2217 4150 2352 4184 noua
2373 4135 2715 4185 instituuntur

282 4210 439 4259 nobis
458 4216 659 4273 pcccata
688 4209 880 4271 quibus
910 4216 1081 4261 tamen
1108 4212 1255 4275 prius
1284 4212 1419 4263 fiunt
1450 4212 1628 4275 prelati
1660 4220 1866 4277 pmpter
1883 4213 2090 4265 lucrum
2111 4214 2416 4277 dispensant
2437 4218 2484 4261 et
2505 4227 2568 4262 ea
2593 4212 2707 4261 fieri

282 4286 435 4336 liberi
459 4294 670 4349 propter
684 4300 869 4337 aurum
890 4290 1183 4350 permittunt
1209 4288 1257 4338 D
1466 4305 1517 4342 v.
1546 4304 1569 4339 1
1608 4290 1712 4341 iuis
1735 4307 1840 4341 om.
1866 4290 1914 4340 D
2125 4290 2192 4342 vi.
2222 4304 2244 4337 1
2281 4288 2509 4351 loquitur
2528 4304 2631 4340 om.
2657 4287 2706 4337 D

282 4378 318 4412 n
350 4362 477 4413 dicit
510 4362 555 4413 Ε
645 4364 833 4414 dicitur
864 4364 1009 4416 CGD
1240 4367 1331 4421 vii.
1370 4382 1395 4418 1
1431 4366 1663 4432 loquitur
1692 4384 1794 4419 om.
1835 4368 1882 4419 D
2117 4366 2222 4417 v'ui.
2261 4380 2284 4416 1
2322 4366 2484 4415 eciam
2517 4380 2620 4418 om.
2657 4365 2704 4414 D

283 4456 320 4492 ε
350 4438 645 4504 aliqualiter
665 4457 766 4493 om.
792 4441 839 4492 D
