3434 5142
809 462 926 506 112

1510 442 1710 506 vox
1768 386 2309 508 CLAMANiIS
2398 524 2403 529 p

969 605 1245 682 Suscepit
1286 605 1496 681 culpas
1535 613 1599 665 vt
1641 614 1977 665 remoueret
2018 622 2137 665 eaS.

969 703 1149 762 Nunc
1189 713 1410 777 tamen,
1456 712 1518 762 vt
1559 702 1830 777 dicunt,
1874 713 1982 763 est
2023 703 2262 780 presul
2304 703 2471 763 talis
2514 703 2577 763 in
2620 702 2785 778 orbe,
2844 722 2851 729 ·

970 801 1093 876 Qui
1135 801 1316 861 docet
1357 801 1476 861 hoc
1517 801 1760 874 factum,
1806 818 1921 861 nec
1961 810 2166 861 tamen
2208 801 2357 862 illud
2396 802 2557 879 agit:

968 898 1126 958 Nam
1170 899 1272 976 qui
1311 898 1393 959 de
1435 899 1676 976 proprio
1716 916 1783 959 se
1823 898 1970 959 ledit
2010 899 2275 974 crimine,
2320 918 2451 960 raro

967 996 1236 1056 Efficitur
1275 996 1431 1057 curis
1474 996 1572 1055 hic
1611 996 1809 1056 aliena
1848 996 2046 1057 salus:

969 1095 1112 1154 Non
1153 1094 1310 1155 valet
1351 1095 1451 1155 ille
1491 1094 1612 1155 deo
1651 1094 1923 1155 conferre
1964 1094 2225 1155 salubria
2263 1107 2423 1171 voto,

962 1192 1064 1253 Ad
1107 1193 1318 1254 mundi
1359 1193 1585 1252 cultum
1628 1193 1733 1270 qui
1772 1193 1943 1253 dedit
1982 1212 2164 1253 omne
2204 1212 2399 1254 suum.

1050 1291 1256 1350 Presul
1296 1290 1362 1349 in
1402 1287 1549 1350 orbe
1589 1307 1827 1367 gregem
1870 1308 2075 1351 curare
2116 1301 2351 1351 tenetur
2392 1302 2685 1369 egentem,

967 1389 1110 1466 Ipse
1149 1387 1361 1448 videns
1403 1388 1668 1448 maculas
1707 1406 1929 1466 vngere
1968 1387 2151 1449 debet
2192 1408 2329 1451 eas:
2911 1410 3010 1463 190

967 1487 1071 1553 Set
1113 1486 1160 1544 si
1203 1494 1514 1563 magnatos
1557 1485 1754 1561 presul
1798 1496 2007 1546 noscat
2048 1487 2397 1559 maculatos»,

966 1583 1112 1644 Illos
1155 1602 1279 1643 non
1320 1585 1503 1644 audet
1544 1602 1777 1661 vngere,
1822 1602 2087 1661 namque
2126 1585 2316 1645 timet.

963 1683 1026 1743 Si
1065 1681 1277 1758 reliqui
1319 1691 1587 1758 peccent,
1623 1682 1780 1759 quid
1818 1680 1902 1741 ob
1944 1682 2062 1742 hoc
2102 1681 2249 1742 dum
2289 1684 2525 1744 soluere
2563 1684 2860 1761 possunt?

962 1782 1347 1857 Torquentur
1386 1779 1567 1840 bursa
1607 1780 1718 1839 sic·
1735 1798 1870 1839 reus
1909 1790 2095 1857 atque
2134 1798 2275 1843 rea:

963 1879 1105 1955 Ipse
1144 1878 1334 1956 gregis
1374 1877 1605 1938 loculos
1645 1878 1888 1955 mulget,
1934 1879 2111 1938 trahit
2152 1878 2215 1937 in
2258 1877 2635 1957 tribulosque

961 1975 1163 2037 Cause
1202 1994 1326 2053 quo
1367 1976 1503 2035 lana
1543 1976 1710 2035 vulsa
1751 1974 2019 2036 manebit
2060 1976 2137 2037 ei.

962 2075 1149 2149 Quod
1189 2092 1406 2150 corpus
1447 2084 1657 2151 peccat
1697 2074 2003 2151 peccantis
2046 2072 2225 2133 bursa
2266 2074 2523 2137 relaxat:

964 2175 1104 2233 Hec
1145 2181 1412 2233 statuunt
1453 2173 1580 2232 iura
1619 2172 1870 2250 presulis
1911 2190 2054 2232 ecce
2094 2190 2278 2233 noua.

963 2270 1062 2330 Sic
1102 2270 1370 2331 iteranda
1411 2269 1597 2330 modo
1637 2288 1826 2330 venus
1866 2270 2033 2329 affert
2074 2270 2237 2329 lucra
2277 2270 2563 2347 registro;

965 2370 1131 2428 Dum
1171 2369 1392 2446 patitur
1431 2368 1627 2442 bursa,
1671 2379 1812 2427 sunt
1853 2368 2112 2427 residiua
2150 2368 2308 2427 mala
2339 2388 2355 2428 τ
2910 2388 3007 2426 200

965 2467 1131 2526 Dum
1171 2466 1404 2526 loculus
1445 2476 1690 2543 pregnat
1732 2466 1891 2539 satiS,
1936 2467 2313 2543 impregnare
2356 2464 2598 2540 licebit3

968 2566 1089 2624 Dat
1129 2574 1331 2641 partus
1370 2564 1552 2624 loculi
1593 2564 1721 2624 iura
1760 2562 2008 2624 subacta
2049 2562 2178 2624 tibi.

962 2663 1062 2723 Sic
1102 2662 1281 2723 timor
1319 2673 1377 2722 et
1416 2664 1648 2723 lucrum
1689 2672 1831 2722 sunt
1872 2663 1976 2739 qui
2018 2672 2265 2739 peccata
2304 2662 2588 2735 relaxant,

961 2760 1090 2821 Sub
1131 2778 1387 2838 quorum
1427 2759 1706 2825 manibus
1746 2776 1931 2821 omne
1972 2759 2267 2821 recumbit
2306 2778 2501 2837 opus:

964 2858 1064 2920 Sic
1102 2858 1250 2917 lucri
1291 2876 1471 2919 causa
1508 2858 1708 2935 presul
1752 2858 1975 2918 mulcet
2016 2876 2123 2917 sua
2164 2858 2308 2930 iura,

961 2957 1196 3018 Annuit
1236 2967 1296 3017 et
1336 2957 1552 3017 nostris
1593 2957 1682 3016 fas
1722 2956 2012 3018 adhibere
2054 2956 2269 3018 malis:

965 3056 1322 3115 Mammona
1359 3056 1447 3115 sic
1485 3055 1718 3115 nummi
1760 3054 1937 3116 nobis
1977 3053 2282 3131 dispensat
2322 3052 2529 3131 iniqui,

964 3154 1024 3213 N
1028 3172 1108 3213 on
1151 3162 1353 3213 tamen
1393 3163 1626 3212 eternas
1669 3162 1893 3229 prestat
1932 3151 2155 3212 habere
2195 3150 2435 3212 domos,

1045 3251 1106 3310 N
1110 3269 1228 3309 unc
1268 3249 1407 3310 furit
1447 3268 1526 3310 en
1569 3250 1779 3323 Iudex,
1824 3250 1873 3309 si
1916 3248 2221 3308 luxuracio
2262 3248 2516 3325 simplex

889 3334 900 3345 ’
965 3349 1114 3424 Fiat,
1158 3358 1219 3409 et
1260 3348 1554 3408 incestum
1597 3348 1789 3409 nescit
1830 3347 2053 3407 habere
2093 3365 2261 3407 reum
2291 3371 2304 3409 :
2908 3366 3008 3404 210

964 3446 1029 3507 Si
1067 3447 1285 3506 coheat
1324 3446 1510 3505 laicus
1553 3446 1849 3505 resolutus
1890 3462 2032 3504 cum
2074 3443 2351 3519 resoluta,

965 3544 1203 3605 Clamat
1241 3543 1306 3602 in
1347 3544 1598 3603 ecclesia
1635 3543 1829 3603 clerus
1870 3552 1933 3602 et
1972 3543 2171 3602 horret
2212 3560 2319 3614 ea;

966 3642 1178 3703 Clerus
1219 3651 1281 3701 et
1321 3641 1383 3699 in
1424 3642 1631 3701 cohitu
1673 3641 1726 3699 si
1766 3650 1992 3717 peccet,
2038 3640 2123 3698 nil
2162 3648 2487 3716 reputatur,

970 3740 1138 3799 Dum
1181 3739 1374 3799 Iudex
1414 3756 1593 3798 cause
1632 3756 1891 3815 parsque
1932 3739 2007 3798 sit
2052 3738 2181 3814 ipse
2222 3756 2345 3797 sue.

965 3837 1065 3897 Sic
1103 3836 1291 3897 modo
1332 3837 1416 3896 dii
1454 3836 1650 3913 gentis
1691 3834 2049 3896 subuertunt
2089 3835 2554 3911 cunctipotentis

970 3934 1126 4007 Iura,
1171 3952 1290 4011 que
1331 3934 1480 3993 dant
1519 3932 1704 3993 michi
1744 3934 1857 4006 ius,
1900 3950 2037 3992 sum
2077 3932 2265 4008 magis
2304 3931 2467 3992 vnde
2508 3948 2681 3995 reus:

965 4031 1186 4108 Sicque
1222 4042 1472 4109 granant
1511 4032 1660 4091 alios
1701 4031 1855 4091 duro
1894 4030 2011 4091 sub
2049 4030 2319 4107 pondere
2359 4046 2614 4107 pressos»,

966 4129 1164 4205 Inque
1203 4129 1326 4188 suis
1367 4129 1630 4189 humeris
1669 4147 1851 4206 quam
1892 4130 2029 4189 leue
2068 4128 2250 4188 fertur
2288 4146 2464 4187 onuS.

967 4227 1134 4285 onr
1171 4226 1466 4286 adulterio
1507 4226 1803 4303 deprensa
1843 4226 2176 4299 remittitur,
2221 4225 2286 4284 in
2326 4242 2454 4302 quo

966 4323 1326 4403 Exemplum
1367 4324 1542 4385 venie
1583 4322 1815 4385 Cristus
1856 4322 2077 4383 habere
2118 4322 2339 4401 docet3
2911 4344 3010 4381 πο

1712 4450 1804 4509 193
1838 4436 2037 4500 possint
2062 4436 2111 4487 D
