3434 5142
1489 434 1689 499 VOX
1747 434 2131 500 CLAMAN
2136 434 2288 499 TIS

955 598 1098 657 Non
1139 605 1230 657 eet
1269 606 1510 657 sanctus
1551 606 1614 654 vt
1654 594 1755 655 hie
1796 594 2097 668 dominus,
2142 595 2246 672 qui
2288 594 2451 656 solus
2490 594 2571 657 ab
2610 597 2777 657 omni

953 693 1121 754 Labe
1161 694 1272 755 fuit
1311 693 1592 766 mundus,
1636 692 2135 770 sanctificansque
2174 711 2324 753 reos.

952 793 1033 852 Et
1077 792 1187 851 nisi
1229 801 1292 851 tu
1329 810 1464 857 non
1505 800 1596 851 est
1635 791 1807 864 alim,
1850 791 1991 869 quia
2031 802 2195 851 sunt
2238 792 2421 851 nichil
2464 810 2677 852 omnes

950 890 1060 950 Hii
1103 908 1256 967 quos
1299 891 1583 948 mentitur
1623 907 1802 949 aurea
1842 889 2033 949 forma
2074 890 2239 949 deos.

949 988 1047 1048 Sic
1088 986 1227 1048 beat
1269 986 1522 1047 ecclesia
1561 1005 1673 1046 nos
1714 1003 1823 1062 per
1862 996 1927 1046 te.
1962 987 2123 1064 larga
2163 986 2477 1062 bonorum,

948 1087 1028 1146 Et
1069 1086 1364 1163 Sinagoga
1405 1085 1528 1144 suis
1570 1093 1660 1143 est
1701 1081 1943 1145 viduata
1985 1083 2175 1145 bonis,

2894 719 2997 771 490

850 1328 972 1384 Hic
1007 1334 1243 1386 tractat
1282 1331 1446 1399 quod
1496 1330 1564 1383 in
1600 1344 1669 1383 re
1706 1328 1981 1397 sculptili
2028 1330 2133 1384 vel
2184 1330 2491 1386 conflatili
2530 1346 2665 1385 non
2704 1334 2807 1389 est
2849 1346 2989 1386 con·

777 1416 1104 1482 fidendum,
1154 1432 1272 1473 nee
1321 1420 1518 1472 eciam
1565 1419 1729 1473 talia
1773 1418 2031 1473 adorari
2077 1420 2338 1486 debent3
2392 1419 2495 1474 set
2542 1421 2708 1488 quod
2746 1435 2826 1474 ex
2863 1420 2992 1474 illis

779 1505 845 1559 in
883 1506 1152 1562 eeclesia
1223 1506 1388 1562 visis
1458 1522 1639 1561 mens
1706 1521 1991 1561 remorsa
2060 1506 2145 1560 ad
2212 1508 2418 1561 solnm
2486 1506 2668 1562 deum
2722 1511 2989 1563 contem·

778 1593 1079 1660 plaudam
1117 1596 1312 1651 cicino
1348 1597 1838 1650 commoneatur.

625 1712 821 1789 Capru.
854 1736 906 1775 x.

1032 1715 1090 1777 O
1133 1716 1448 1776 maledicta
1489 1715 1607 1776 deo
1647 1734 1793 1793 gens
1836 1714 2078 1792 perfida,
2124 1733 2343 1792 nempe
2384 1714 2614 1793 pagani,

939 1814 1111 1888 Quos
1152 1814 1534 1875 incredulitas
1576 1832 1700 1872 non
1732 1813 1872 1873 sinit
1914 1832 2045 1873 esse
2087 1832 2330 1889 sacros3

939 1910 1127 1971 Recta
1169 1912 1316 1972 fides
1359 1911 1536 1972 Cristi
1579 1929 1732 1989 quos
1774 1911 1992 1980 horret,
2035 1930 2175 1970 nam
2218 1912 2349 1971 sine
2390 1921 2555 1971 recto

937 2009 1076 2069 Iure
1115 2009 1394 2069 creatoris
1434 2010 1593 2086 ligna
1633 2019 1830 2069 creata
1868 2009 2093 2083 colunt.

867 2182 884 2201 ⁹
937 2108 1291 2167 Incuruatur
1331 2108 1533 2180 home,
1579 2126 1708 2166 sese
1751 2107 2085 2183 prosternit,
2128 2106 2337 2166 adorat

939 2205 1145 2283 Ligna,
1190 2206 1468 2266 creatoris
1512 2206 1808 2265 inmemor
1850 2206 1977 2283 ipse
2020 2206 2129 2265 sui.

939 2304 1128 2381 Ligna
1169 2303 1300 2377 sibi,
1346 2303 1590 2381 lapideS,
1637 2322 1756 2383 que
1795 2303 1985 2363 cernit
2025 2303 2301 2381 ymagine
2340 2304 2592 2383 sculpta,

939 2401 1272 2477 Quodlibet
1314 2402 1442 2479 ipse
1482 2420 1658 2461 suum
1701 2402 1924 2461 iactitat
1967 2419 2099 2461 esse
2142 2401 2341 2462 deum.

939 2500 1141 2575 Quem
1183 2499 1334 2559 deus
1375 2499 1574 2572 erexit,
1621 2518 1845 2576 pronus
1886 2499 2040 2558 iacet
2079 2509 2220 2558 ante
2260 2498 2540 2573 fauillam,

939 2596 1019 2657 Et
1063 2598 1354 2674 sculptam
1399 2607 1653 2657 statuam
1697 2596 1911 2673 stipitis
1954 2606 2084 2656 orat
2124 2596 2351 2671 hom03

938 2694 1085 2756 Orat
1126 2712 1323 2771 opem,
1367 2696 1514 2772 petit
1555 2695 1856 2769 auxilium,
1902 2713 2016 2753 nec
2058 2705 2224 2754 muta
2263 2694 2543 2769 resantur,

939 2792 1209 2852 Postulat
1249 2803 1308 2853 et
1349 2792 1628 2853 manibus
1671 2811 1826 2870 quos
1866 2802 2026 2852 creat
2068 2792 2197 2869 ipsa
2238 2810 2468 2853 manus,

939 2890 1140 2966 Quam
1180 2890 1353 2950 vacui
1395 2908 1606 2950 sensus
1648 2901 1740 2950 est
1780 2902 1840 2950 et
1880 2890 2135 2949 racionis
2179 2890 2372 2968 egeni,

937 2987 1125 3063 Quod
1165 2987 1448 3049 dominus
1491 3008 1686 3047 rerum
1728 3007 1823 3048 res
1865 2988 2005 3048 facit
2046 3007 2177 3047 esse
2218 2987 2403 3048 deos!

1019 3086 1078 3147 O
1119 3086 1458 3163 perturbate
1499 3086 1716 3146 mentis
1758 3086 2134 3146 reminiscere
2176 3104 2378 3163 pensa,

939 3183 1130 3245 Cuius
1173 3196 1295 3244 erat
1337 3186 1531 3262 primo
1572 3184 1948 3244 condicionis
1990 3185 2214 3245 homo:

938 3282 1038 3341 Ad
1081 3295 1342 3343 mentem
1387 3301 1604 3343 reuoca
1646 3282 1906 3357 titulum,
1948 3300 2071 3359 quo
2112 3293 2172 3341 te
2212 3280 2363 3342 deus
2404 3282 2547 3341 olim

940 3378 1248 3456 Insignem
1291 3380 1448 3455 fecit,
1489 3399 1627 3439 cum
1671 3379 1840 3441 dedit
1882 3398 2012 3440 esse
2054 3378 2179 3439 tibi.

940 3477 1165 3537 Nonne
1207 3479 1317 3537 fuit
1357 3479 1550 3555 primo
1593 3487 1755 3538 totus
1798 3478 1907 3538 tibi
1948 3478 2229 3538 conditus
2271 3476 2450 3551 orbiS,

903 3588 910 3596 ·
941 3573 1341 3654 Subiecteque
1380 3577 1497 3635 tuis
1539 3574 1788 3635 nutibus
1830 3575 1956 3635 eius
1998 3578 2189 3651 opes?

945 3672 1088 3732 Non
1130 3672 1242 3732 fuit
1281 3674 1360 3733 ad
1403 3673 1647 3747 cultum,
1691 3672 1884 3732 factus
1924 3672 2035 3731 suit
2076 3671 2237 3732 orbis
2276 3672 2358 3733 ad
2397 3690 2586 3747 vsum,

941 3769 1092 3829 Esse
1131 3778 1270 3829 tuus
1310 3789 1532 3843 seruuS,
1579 3788 1702 3830 non
1742 3764 1897 3829 ‘deus
1938 3789 2071 3831 esse
2100 3779 2272 3831 tuus.

941 3866 1079 3941 Que
1120 3866 1286 3927 iubet
1325 3886 1464 3947 ergo
1505 3867 1616 3929 tibi
1657 3868 1835 3941 racio,
1880 3868 2047 3945 quod
2087 3868 2181 3928 vel
2222 3867 2387 3929 saber
2416 3867 2564 3945 *igne
2669 3912 2672 3915 -

941 3962 1182 4025 Confiat
1221 3967 1314 4026 vel
1357 3966 1518 4043 ligno
1560 3967 1796 4043 lenigat,
1842 3985 1973 4030 esse
2013 3966 2193 4026 deum
2213 3967 2241 4025 Ρ

942 4062 1000 4122 O
1041 4062 1236 4137 miser,
1280 4064 1440 4124 vnde
1481 4063 1634 4124 deos
1669 4063 1779 4123 tibi
1822 4063 1986 4124 dices
2026 4064 2206 4141 ydola
2244 4082 2415 4139 vana,

940 4160 1162 4237 Tuque
1202 4159 1320 4221 deo
1361 4161 1568 4221 similis
1609 4161 1688 4222 ad
1731 4162 2047 4222 simulacra
2088 4162 2289 4223 iaces?

943 4255 1261 4331 Omnibus,
1303 4257 1458 4317 heu!
1523 4258 1688 4317 viciis
1731 4259 1843 4319 hec
1885 4269 1975 4320 est
2018 4259 2247 4319 insania
2288 4258 2495 4333 maior,

1606 4434 1723 4482 500,
1747 4430 1843 4484 '501
1882 4421 2082 4485 Lingua
2106 4421 2160 4471 H

2892 2224 2991 2276 500

2887 3207 2989 3258 510

2887 4184 2990 4237 5²0
