3434 5142
768 462 845 541 76

1462 460 1659 524 VOX
1716 458 2260 525 CLAMANTIS

929 618 1135 680 Insula
1174 619 1293 679 lata
1332 618 1579 696 quidem
1621 618 1734 678 fuit
1775 618 1888 679 hec
1927 618 2142 678 vallata
2181 618 2460 693 rotunde,

928 718 1068 793 Que
1108 717 1285 777 maris
1328 716 1577 777 Occiani
1619 717 1816 776 cincta
1856 715 2155 776 redundat
2193 718 2384 793 aquis.

927 814 1027 876 Ad
1068 825 1307 892 portum
1348 815 1593 875 veniens
1636 814 1716 874 de
1757 815 1899 873 naui
1939 815 2180 875 concito
2219 816 2361 874 litus

930 914 1218 989 Egressus
1259 913 1431 990 pecii,
1474 910 1772 988 turbaque
1812 928 2028 988 magna
2069 911 2252 970 michi

932 1009 1135 1070 Plebis
1176 1011 1238 1069 in
1281 1028 1597 1069 occursum
1640 1010 1760 1068 iam
1803 1018 2062 1081 venerat,
2108 1025 2181 1068 ex
2221 1008 2446 1085 quibus
2485 1028 2672 1070 vnum

930 1110 1044 1169 Pre
1086 1107 1326 1185 reliquis
1367 1108 1616 1184 dignum
1658 1108 1908 1184 contigit
1947 1124 2081 1167 esse
2121 1106 2348 1168 virum:

930 1208 989 1266 A
1030 1225 1153 1284 quo
1195 1206 1446 1284 quesiui‚
1493 1210 1509 1238 ‘
1529 1205 1661 1280 Dic,
1711 1206 1918 1265 Insula
1959 1205 2169 1283 qualis,
2214 1216 2276 1266 et
2317 1206 2478 1267 vnde

931 1306 1162 1365 Tantus
1202 1305 1375 1366 adest
1414 1304 1689 1383 populus,
1734 1304 1870 1381 quis
1909 1304 1988 1362 sit
2027 1312 2091 1364 et
2131 1304 2274 1364 inde
2315 1303 2535 1365 modus
2552 1305 2580 1364 Ρ
2597 1304 2611 1331 ’

933 1402 1097 1463 Ecce
1138 1420 1323 1463 senex
1362 1402 1477 1476 ille,
1522 1412 1697 1479 portu
1740 1401 1843 1479 qui
1887 1399 2082 1462 stabat
2125 1402 2186 1461 in
2229 1402 2349 1475 illo,

932 1500 1227 1561 Reddidit
1268 1502 1379 1560 ista
1419 1500 1569 1560 meis
1611 1500 1850 1559 horrida
1889 1498 2074 1559 verba
2113 1500 2294 1560 sonis·

1009 1605 1023 1631 ‘
1047 1599 1253 1659 Exulis
1294 1600 1407 1659 hec
1449 1598 1567 1658 dici
1610 1616 1802 1674 nuper
1842 1598 1994 1658 solet
2038 1599 2244 1659 Insula
2287 1599 2477 1672 Bruti,

930 1698 1131 1773 Quam
1172 1697 1286 1757 sibi
1329 1697 1712 1774 compaciens
1754 1697 1884 1773 ipsa
1926 1697 2124 1757 Diana
2163 1696 2364 1757 dabat.

933 1796 1135 1855 Huius
1177 1796 1339 1856 enim
1380 1805 1533 1855 terre
1571 1811 1720 1871 gens
1762 1794 1876 1853 hec
1915 1804 2007 1853 est
2049 1794 2304 1867 inehola,
2349 1794 2494 1854 ritus

933 1890 1125 1955 Cuius
1164 1910 1367 1954 amore
1412 1892 1617 1970 procul
1657 1891 1904 1952 dissona
1943 1892 2112 1969 plura
2153 1902 2336 1953 tenet.

931 1992 1091 2051 Nam
1131 1991 1273 2068 quia
1310 2008 1459 2067 gens
1499 1990 1673 2049 variis
1714 1988 1829 2049 hec
1869 2000 1960 2049 est
2001 1990 2081 2050 de
2119 1989 2397 2067 gentibus
2439 1996 2585 2063 orta,

931 2088 1176 2148 Errores
1218 2088 1380 2148 varie
1418 2085 1795 2146 condicionis
1837 2085 2056 2147 habet:

931 2186 1183 2263 Egregie
1224 2185 1413 2245 forme
1454 2193 1593 2244 sunt
1635 2184 1718 2243 hii
1724 2228 1741 2259 ‚
1783 2194 1872 2244 set
1911 2184 2273 2245 condicione

933 2285 1096 2344 Ecce
1135 2283 1291 2360 lupis
1333 2300 1477 2343 seue
1516 2282 1650 2359 plus
1690 2282 1936 2343 feritatis
1978 2280 2222 2343 habent.

932 2383 1077 2442 Non
1118 2390 1397 2441 metuunt
1436 2382 1615 2459 legeS,
1658 2390 1931 2441 sternunt
1971 2380 2086 2441 sub
2126 2378 2350 2441 viribus
2390 2398 2592 2459 equm,

930 2481 1227 2556 Victaque
1265 2480 1522 2557 pugnaci
1564 2480 1689 2538 iura
1732 2478 1846 2539 sub
1885 2496 2032 2539 ense
2071 2478 2332 2540 cadunt:

934 2574 1197 2654 Legibus
1238 2575 1464 2636 inculta
1503 2576 1758 2649 fraudes,
1801 2576 2014 2652 scelus,
2057 2595 2238 2649 arma,
2283 2576 2530 2650 furoreS,

933 2672 1229 2750 Pluraque
1269 2672 1545 2751 pestifera
1584 2672 1757 2751 plebs
1799 2684 2164 2734 nocumenta
2205 2674 2392 2751 parit:

930 2770 1070 2847 Que
1108 2780 1341 2848 gestant
1384 2772 1657 2831 homines
1698 2781 1851 2831 terre
1891 2771 1971 2832 de
2010 2771 2278 2848 partibus
2319 2770 2496 2831 huius

930 2870 1194 2943 Pectora,
1239 2880 1379 2930 sunt
1420 2870 1553 2948 ipso
1592 2869 1922 2932 turbidiora
1962 2872 2126 2931 mari.
2265 2934 2271 2939 ,

932 2968 1073 3027 Hec
1112 2968 1331 3028 humus
1372 2979 1464 3028 est
1504 2968 1603 3029 illa
1642 2968 1808 3028 vario
1849 2968 1929 3029 de
1968 2970 2234 3047 germine
2276 2980 2434 3043 nata,

930 3064 1131 3139 Quam
1171 3082 1346 3125 cruor
1384 3076 1445 3126 et
1484 3066 1666 3126 cedes
1707 3064 1987 3143 bellaque
2025 3084 2262 3143 semper
2300 3066 2563 3126 habent:

930 3160 1147 3221 Tristia
1188 3161 1486 3223 deformes
1527 3164 1765 3241 pariunt
1805 3162 2106 3224 absinthia
2145 3163 2359 3241 oempi,

929 3258 1236 3336 Terraque
1275 3260 1356 3321 de
1396 3262 1589 3321 fructu
1632 3281 1815 3340 quam
1858 3262 1934 3322 sit
1973 3280 2174 3322 amara
2214 3262 2411 3323 docet.

931 3356 1074 3416 Non
1114 3356 1303 3435 magis
1343 3376 1476 3419 esse
1514 3358 1739 3436 probos
1779 3360 1857 3420 ad
1901 3360 2085 3421 finem
2126 3360 2268 3420 solis
2309 3357 2388 3418 ab
2429 3368 2564 3418 ortu
2604 3405 2616 3412 .

932 3452 1183 3529 EstimO,
1226 3455 1278 3516 si
1318 3458 1525 3533 populi
1568 3466 1812 3517 mutuus
1852 3468 2009 3518 esset
2048 3458 2280 3542 amon}
2299 3484 2322 3509 v

1015 3552 1291 3613 Pluribus
1330 3556 1551 3615 auditis
1592 3574 1713 3633 que
1753 3556 1985 3633 singula
2024 3556 2472 3634 displicuerunt,

934 3650 1117 3709 Heu!
1171 3650 1354 3709 michi
1395 3652 1581 3711 corda
1620 3652 1794 3713 dolor
1835 3653 1952 3713 iam
1995 3663 2316 3713 renouatus
2354 3650 2510 3730 agit:

935 3746 1190 3806 Dulcius
1234 3747 1363 3824 ipse
1404 3749 1587 3808 michi
1631 3768 1858 3811 numen
1900 3769 2065 3811 nunc
2105 3750 2354 3829 quando
2393 3748 2696 3827 putabam,

932 3844 1198 3906 Fortune
1238 3846 1470 3923 species
1510 3847 1711 3907 obstat
1750 3848 1968 3910 acerba
2009 3867 2162 3909 mee.

932 3942 1091 4004 Cum
1132 3943 1312 4004 video
1353 3962 1535 4023 quam
1578 3955 1718 4006 sunt
1760 3966 1896 4007 mea
1937 3948 2056 4008 sata
2095 3946 2345 4023 tenacia,
2388 3947 2641 4024 frangor,

819 4103 822 4107 ,
931 4040 1203 4117 Spesque
1244 4042 1395 4102 leuis
1435 4062 1656 4121 magno
1698 4044 1855 4105 victa
1896 4046 2111 4107 timore
2152 4046 2321 4107 silet:

812 4169 825 4193 ·.
930 4138 1031 4197 Sic
1069 4155 1185 4215 ego
1224 4138 1463 4200 fortune
1502 4142 1636 4201 telis
1677 4142 1950 4202 confixus
1991 4142 2212 4220 iniquis

823 4376 951 4427 1954
984 4364 1199 4416 Occiani
1220 4365 1463 4432 (occinui)
1484 4365 1680 4418 SGHT
1745 4368 1955 4419 occeani
1976 4368 2120 4419 CED

930 4235 1184 4297 Pectore
1224 4235 1504 4314 concipio
1545 4238 1629 4297 nil
1670 4240 1785 4299 nisi
1828 4240 1993 4301 triste
2034 4258 2210 4301 meo:

766 4441 1062 4493 CEHGDT

2839 1312 2972 1378 1960

2841 2302 2971 2353 1970

2843 3270 2972 3335 1980

2840 4258 2970 4313 1990

2305 4368 2434 4431 1965
2465 4366 2672 4419 inchola
2695 4368 2736 4419 S
2802 4368 2972 4419 incola
