3434 5142
753 496 872 541 120
1450 474 1648 539 VOX
1707 474 2250 540 CLAMANTIS

914 638 1054 697 Non
1097 636 1276 695 timor
1315 644 1404 695 est
1445 634 1601 694 serui
1643 644 1735 694 set
1775 634 1916 708 nati,
1962 634 2441 713 suppliciumque

919 735 1060 794 Non
1105 733 1270 810 parit,
1314 734 1503 792 immo
1545 741 1710 808 parat
1752 734 1977 809 premia
2018 750 2235 810 magna
2273 734 2415 793 viro.

995 830 1212 892 Omnis
1251 848 1462 890 amans
1506 830 1770 892 Cristum
1813 830 1984 889 timet
2026 830 2233 906 illum3
2287 832 2393 908 qui
2434 830 2606 891 timet
2648 830 2778 908 ipse

918 928 1062 989 Non
1103 928 1244 988 facit
1285 945 1608 1001 excessum,
1654 936 1944 1004 prouocet
1982 928 2145 987 vnde
2186 927 2432 989 deum:

919 1027 1046 1085 Hic
1085 1044 1254 1086 amor
1295 1026 1539 1102 inspirat
1580 1025 1891 1085 hominem
1932 1024 2267 1085 discernere
2308 1026 2523 1099 celum,

920 1124 1156 1184 Iudicat
1197 1132 1258 1183 et
1299 1122 1510 1183 mundi
1551 1122 1769 1199 gaudia
1808 1139 1962 1181 vana
2003 1122 2144 1183 sore.

920 1221 1031 1282 Est
1073 1222 1248 1299 igitur
1289 1212 1522 1294 minim,
1568 1219 1756 1279 modo
1797 1220 1963 1297 quod
2004 1220 2305 1280 discordia
2345 1220 2487 1281 cleri

923 1319 1066 1379 Non
1109 1338 1174 1379 se
1213 1319 1487 1395 pacificat
1527 1318 1704 1377 huius
1744 1317 1963 1377 amoris
2004 1336 2139 1394 ope.

924 1417 1124 1476 Litera
1163 1434 1330 1476 sacra
1369 1417 1566 1489 docet,
1609 1416 1793 1475 virtus
1834 1415 1999 1492 quod
2040 1433 2210 1475 amor
2250 1417 2445 1492 placet
2484 1417 2699 1490 omnis,

925 1514 1008 1574 Et
1050 1533 1174 1574 non
1216 1514 1566 1574 mundanus
1597 1511 1963 1572 ambiciosus
2006 1513 2199 1573 honor
2217 1534 2234 1588 ;
2865 1523 2968 1586 480

927 1612 1208 1689 Namque
1249 1630 1412 1688 suos·
1431 1610 1694 1671 mundus
1737 1609 2053 1671 dilectores
2094 1611 2283 1688 magis
2324 1622 2502 1686 arcet,

925 1710 1007 1769 Et
1047 1710 1246 1769 minus
1289 1710 1351 1769 in
1393 1710 1513 1769 fine
1553 1708 2005 1769 commoditatis
2047 1708 2291 1769 habent.

927 1808 1002 1867 In
1046 1807 1228 1867 veteri
1267 1808 1406 1884 lege·
1438 1806 1630 1866 nullas
1672 1806 1935 1867 habuere
1977 1806 2191 1867 Leuite

926 1908 1157 1978 Terras,
1201 1924 1316 1965 nee
1355 1906 1618 1965 mundus
1659 1905 2001 1966 sollicita-uit
2042 1924 2184 1981 eos3

931 2004 1132 2064 Immo
1173 2004 1292 2063 deo
1334 2004 1444 2063 soli
1487 2002 1679 2081 plebis
1721 2022 1829 2081 pro
1871 2022 2021 2081 pace
2061 2022 2271 2063 vacare

930 2103 1041 2162 Est
1081 2110 1143 2162 et
1182 2120 1307 2161 non
1348 2101 1464 2161 alia
1505 2101 1847 2161 sollicitudo
1888 2119 2015 2161 sua.

933 2201 1075 2260 Non
1118 2208 1207 2259 est
1247 2218 1388 2275 ergo
1429 2197 1658 2259 bonum
1701 2199 2037 2259 mundanas
2080 2216 2314 2260 sumere
2353 2218 2610 2278 guerraS,

934 2298 1093 2359 Cum
1135 2298 1286 2357 deus
1327 2306 1417 2358 est
1457 2297 1618 2357 mitis
1658 2306 1721 2357 et
1760 2296 1925 2358 bona
1964 2297 2129 2374 pacis
2170 2307 2349 2358 amat.

839 2518 959 2572 Hic
981 2518 1227 2573 tractat
1249 2516 1449 2573 eciam
1472 2516 1744 2586 qualiter
1766 2532 1898 2571 non
1916 2514 2097 2571 decet
2121 2516 2405 2585 prelatos
2432 2518 2659 2571 contra
2682 2515 2973 2585 populum

769 2605 1153 2661 cristianum
1171 2620 1251 2660 ex
1269 2604 1682 2675 impaciencia
1706 2605 2069 2673 aliqualiter
2087 2604 2254 2659 bella
2273 2618 2561 2666 mouere3
2600 2606 2705 2660 set
2720 2604 2978 2658 tantum

771 2709 852 2749 ex
892 2693 1197 2764 precibus,
1233 2692 1353 2749 deo
1396 2692 1733 2758 mediante,
1777 2693 2017 2761 absque
2052 2692 2145 2747 ire
2186 2693 2417 2761 impetu
2460 2705 2712 2745 omnem
2754 2688 2977 2745 mundi

773 2782 1114 2838 deuincant
1147 2782 1484 2837 maliciam.

549 2888 750 2963 Capru.
780 2887 897 2947 viii.
1038 2887 1367 2947 Inuoluens
1409 2896 1674 2947 mentem
1716 2886 2069 2947 meditando
2110 2904 2210 2945 me
2250 2894 2456 2962 stupor
2495 2885 2676 2962 angit,

938 2984 1118 3046 Cristi
1159 2985 1432 3046 doctrina
1473 3003 1654 3063 quam
1697 2984 1929 3063 pietosa
1970 2984 2118 3058 fuit3
2884 3002 2985 3055 ⁴90

938 3081 1140 3143 Omne
1180 3082 1346 3160 quod
1388 3092 1480 3143 est
1519 3084 1683 3161 pacis
1726 3082 2000 3143 instruxit
2041 3080 2240 3159 regula
2281 3080 2477 3153 Cristi,

939 3179 1246 3256 Quicquid
1289 3189 1348 3239 et
1390 3190 1480 3239 est
1519 3178 1661 3239 belli
1704 3189 1909 3239 nostra
1948 3177 2172 3253 cupido
2214 3186 2438 3236 mouet.

942 3278 1120 3337 Ponit
1160 3286 1220 3337 et
1261 3278 1514 3355 opponit
1554 3277 1714 3337 racio
1754 3276 1937 3337 michi
1981 3275 2060 3335 de
2100 3274 2356 3347 racione,

944 3374 1215 3450 Qualiter
1255 3394 1327 3437 ex
1367 3376 1528 3436 clero
1569 3375 1821 3436 bellicus
1860 3393 2013 3435 vnus
2056 3374 2186 3435 erit.

947 3473 1152 3533 Plures
1193 3483 1333 3533 sunt
1373 3490 1568 3546 cause,
1614 3474 1782 3551 quod
1824 3490 1948 3533 non
1990 3472 2073 3530 ita
2113 3472 2232 3544 fiat,
2276 3480 2337 3531 et
2378 3469 2523 3530 inde

942 3570 1174 3633 Cristus
1215 3571 1279 3629 in
1321 3571 1659 3647 exemplum
1700 3570 1955 3648 plurima
1994 3568 2175 3631 verba
2216 3568 2433 3630 docet:

947 3669 1028 3729 Et
1069 3670 1119 3729 si
1160 3689 1270 3748 pro
1313 3670 1542 3729 mundo
1584 3670 1703 3742 fiat,
1749 3668 2051 3747 sapiencia
2092 3666 2305 3727 mundi

947 3768 1160 3845 Arguit
1202 3776 1460 3841 econtra,
1505 3767 1554 3827 si
1597 3766 1868 3827 videatur
1906 3784 2097 3843 opus:

951 3866 1112 3926 Nam
1152 3866 1301 3926 dum
1341 3864 1575 3943 pacifici
1615 3865 1848 3924 fuerant
1888 3881 2004 3924 nec
2043 3862 2289 3924 honoris
2329 3864 2511 3937 auari,

951 3964 1169 4026 Omnis
1209 3973 1356 4023 tunc
1395 3960 1633 4041 requies
1672 3961 2040 4040 glorificabat
2080 3980 2203 4022 eos.
2892 3980 2996 4031 500

953 4060 1017 4121 Si
1059 4061 1366 4121 mundana
1405 4061 1580 4122 decet
1621 4060 1961 4120 mundanos
2004 4058 2218 4119 bellica
2258 4076 2474 4136 pugna,

954 4158 1220 4235 Longius
1260 4176 1297 4217 a
1337 4160 1496 4219 clero
1537 4160 1614 4219 sit
1655 4169 1857 4219 tamen
1900 4158 1999 4219 ille
2040 4156 2239 4219 furor:

957 4256 1095 4332 Que
1135 4266 1384 4333 prosunt
1423 4256 1569 4329 aliis,
1611 4256 1741 4317 aliis
1782 4256 2059 4317 nocuisse
2097 4254 2442 4333 probantur,

958 4352 1169 4430 Quod
1209 4352 1349 4412 facit
1389 4353 1552 4413 hunc
1593 4364 1765 4427 stare,
1809 4362 2042 4415 corruet
2081 4355 2231 4413 alter
2272 4372 2386 4414 eo:

1272 4465 1518 4533 Heading
1578 4468 1856 4518 deuincant
1879 4467 1970 4517 ΕΙ.
2034 4468 2279 4519 deuincat
2303 4465 2498 4519 SCHD
