3434 5142
1101 389 1389 458 LIBER
1444 389 1814 459 SEXTUS
2405 336 2411 344 ι
2437 409 2560 475 243

421 583 543 643 Hic
592 589 871 658 loquitur
912 589 1079 660 quod
1114 590 1283 649 sicut
1324 591 1615 648 homines
1653 607 1799 649 esse
1833 607 2022 661 super
2068 595 2304 648 terram
2346 605 2562 648 necee-

354 677 529 732 tario
573 679 847 748 expedit,
895 680 989 735 ita
1038 681 1213 748 leges
1260 680 1341 736 ad
1388 695 1603 737 eorum
1656 682 1935 750 regimen
1983 679 2232 738 institui
2287 683 2559 750 oportet,

352 763 683 820 dummodo
728 769 943 822 tamen
988 767 1152 836 leg-iz
1198 769 1496 824 custodes·
1540 783 1760 824 verum
1816 785 1859 824 a
1905 769 2075 824 falso
2129 769 2562 826 discernente·

354 851 691 923 vnicuique
750 855 919 924 quod
1003 871 1185 910 suum
1242 857 1347 912 eet
1400 872 1561 926 equo
1627 856 1902 926 pondere
1965 855 2362 914 distribuant.
2467 855 2562 910 De

357 941 677 997 erroribus
734 945 950 998 tamen
1008 945 1076 1000 et
1134 944 1384 999 inim-iia
1441 943 1633 1000 modo
1694 945 2209 1014 contingentibus
2265 945 2562 1000 innocen·

358 1029 521 1083 ciam
560 1030 753 1172 Riegin
794 1032 1021 1098 nostri,
1056 1032 1323 1088 minor-ia
1358 1035 1557 1090 etatis
1592 1048 1806 1100 causa,
1843 1035 2147 1102 quantum
2183 1033 2268 1088 ad
2299 1047 2562 1102 presens

358 1129 597 1172 excusa
630 1155 646 1172 .
758 1161 765 1166 .

148 1235 349 1310 Capm.
379 1235 479 1302 vii.

601 1240 721 1302 Pro
760 1249 1189 1320 transgressore
1226 1242 1461 1303 fuerant
1500 1241 1661 1320 leges
1702 1242 1934 1315 situate,

522 1337 795 1414 Quilibet
834 1350 898 1402 vt
938 1339 1147 1401 merita
1187 1350 1391 1417 posset
1430 1339 1654 1401 habere
1694 1359 1836 1401 sua:
2459 1359 2562 1414 470

522 1437 704 1498 Nunc
744 1449 947 1499 tamen
988 1439 1100 1500 iste
1142 1438 1339 1499 bonus
1380 1438 1643 1515 punitur,
1682 1448 1744 1500 et
1783 1438 1930 1500 alter
1956 1436 2172 1516 iniquS,

523 1535 689 1595 Dum
729 1537 888 1614 viget
928 1555 1001 1596 ex
1040 1555 1203 1611 auro,
1248 1537 1597 1596 iustificatur
1636 1555 1729 1597 eo,

523 1633 747 1694 Omnia
786 1643 1023 1711 tempus
1064 1633 1290 1694 habent
1329 1643 1393 1694 et
1430 1631 1617 1694 habet
1654 1651 1765 1693 sua
1804 1643 2074 1710 tempora
2113 1640 2367 1710 tempuS,

522 1731 843 1810 Causaque
882 1733 969 1792 sic
1008 1751 1219 1793 causas
1261 1732 1445 1793 debet
1484 1732 1707 1793 habere
1749 1750 1901 1792 suas,

524 1829 693 1906 Quid
732 1847 897 1891 mare
936 1832 1248 1906 conferret,
1290 1831 1425 1892 altis
1467 1832 1614 1892 dum
1656 1831 1904 1890 fluctuat
1943 1829 2138 1903 vndiS,

524 1928 614 1990 Sit
654 1927 769 1988 nisi
810 1929 981 1988 nauis
1022 1929 1078 1988 ei
1118 1947 1301 2005 quam
1342 1929 1513 1989 vehit
1546 1929 1707 1988 vnda
1749 1927 1941 1986 fluens
1958 1928 1986 1986 ?

520 2027 627 2087 Set
664 2027 813 2104 quid
853 2027 965 2086 fert
1006 2027 1177 2086 nauis
1218 2026 1332 2087 nisi
1374 2035 1555 2086 nauta
1594 2043 1806 2102 regens
1845 2025 1922 2084 sit
1963 2025 2025 2083 in
2067 2023 2166 2083 illa
2186 2025 2214 2083 ?

527 2123 695 2200 Quid
736 2125 892 2185 valet
932 2133 1035 2184 aut
1076 2133 1275 2197 nauta,
1318 2124 1370 2183 si
1412 2122 1527 2184 sibi
1571 2141 1768 2184 remus
1807 2122 2024 2184 abest?

522 2222 693 2298 Quid
733 2240 912 2297 mare,
956 2222 1104 2299 quid
1144 2222 1333 2294 nauis,
1378 2222 1527 2299 quid
1567 2231 1766 2294 nauta,
1811 2221 1905 2281 vel
1945 2231 2037 2281 est
2077 2219 2192 2280 sibi
2233 2234 2449 2293 remur„

522 2313 611 2381 Sit
653 2319 766 2380 nisi
808 2329 1013 2396 portus
1054 2319 1225 2396 aquis
1266 2330 1481 2381 ventus
1521 2329 1583 2380 et
1621 2329 1798 2396 aptus
1838 2319 1924 2379 eis
1942 2321 1972 2379 Ρ
2463 2327 2564 2390 480

604 2416 773 2478 Gens
812 2417 942 2478 sine
983 2418 1113 2494 lege
1153 2417 1307 2494 quid
1342 2427 1451 2490 est,
1494 2427 1597 2477 aut
1636 2417 1734 2477 tex
1775 2417 1904 2478 sine
1945 2415 2143 2477 iudice
2184 2415 2331 2494 quid
2373 2434 2532 2488 nam,

522 2515 649 2575 Aut
691 2515 841 2593 quid
880 2515 930 2575 si
970 2515 1151 2576 iudex
1191 2517 1266 2576 sit
1305 2517 1435 2577 sine
1476 2515 1709 2576 iusticia
1729 2517 1760 2577 Ρ

524 2613 601 2673 In
640 2614 829 2690 patria
868 2623 1070 2674 nostra
1110 2615 1161 2674 si
1202 2614 1336 2692 quis
1377 2613 1778 2690 circumspicit
1817 2621 1965 2686 acta,

524 2711 665 2771 Hec
704 2711 815 2770 tria
853 2721 1056 2773 cernet
1096 2711 1181 2772 ibi
1222 2730 1367 2789 sepe
1408 2711 1676 2772 timenda
1716 2711 1916 2771 michi.

526 2808 749 2870 Omnia
788 2809 1051 2887 dampna
1090 2820 1353 2888 granant,
1400 2820 1491 2871 set
1532 2811 1695 2869 nulla
1733 2819 1937 2870 tamen
1976 2808 2261 2886 grauiora,

523 2906 727 2982 Quam
766 2925 909 2968 cum
930 2907 1243 2968 iusticiam
1282 2909 1471 2968 iustus
1512 2907 1737 2968 habere
1775 2906 1998 2984 nequit.

527 3005 619 3064 Ex
659 3005 955 3066 iniusticia
996 3006 1295 3067 discordia
1333 3006 1561 3079 crescit,
1606 3015 1666 3065 et
1708 3005 1851 3064 inde

527 3102 738 3164 Cessat
778 3122 946 3164 amor
986 3105 1208 3177 solitus,
1254 3112 1583 3164 murmurat
1622 3114 1805 3179 atque
1845 3103 2098 3162 domus:

526 3200 801 3261 Murmur
840 3203 889 3261 si
932 3203 1146 3276 veniat,
1189 3201 1353 3263 venit
1391 3211 1453 3262 et
1492 3199 1713 3272 diuisio
1754 3217 1976 3274 secum,

524 3297 829 3377 Terraque
868 3301 1063 3360 diuisa
1102 3319 1225 3360 non
1270 3299 1427 3361 bene
1466 3297 1646 3360 stabit
1685 3315 1802 3374 ea3
2464 3322 2565 3372 490

529 3396 610 3456 Et
650 3399 1078 3475 quodcumque
1120 3399 1197 3459 sit
1236 3397 1355 3458 hoc
1396 3417 1501 3475 per
1542 3415 1608 3458 se
1648 3397 1816 3474 quod
1857 3405 2012 3456 stare
2054 3395 2342 3474 nequibit,

526 3495 621 3556 Ve
660 3495 792 3570 sibi,
836 3513 979 3556 nam
1019 3496 1222 3558 subito
1258 3505 1495 3557 corruet
1532 3495 1764 3573 absque
1803 3494 2006 3555 modo,

607 3593 809 3654 Testis
852 3594 1014 3652 enim
1056 3594 1208 3655 deus
1248 3604 1356 3668 est,
1402 3595 1611 3655 dicens
1652 3594 1821 3672 quod
1860 3611 2042 3671 regna
2081 3591 2362 3669 peribunt

529 3685 606 3750 In
646 3707 713 3751 se
753 3691 967 3766 diuisa,
1011 3693 1313 3770 credoque
1353 3693 1515 3753 dicta
1554 3710 1680 3752 sua.

526 3786 688 3866 Ergo
728 3789 931 3851 videre
975 3801 1204 3867 queunt
1244 3800 1543 3869 quotquot
1583 3789 1687 3868 qui
1729 3808 1910 3869 regna
1948 3785 2299 3867 gubernant,

526 3885 587 3946 N
590 3895 750 3948 ostre
790 3906 928 3966 pars
965 3889 1139 3950 sortis
1180 3889 1438 3948 maxima
1478 3897 1710 3966 spectat
1747 3889 1851 3948 eis.

527 3983 840 4062 Quicquid
879 3986 1134 4046 delirant
1173 4004 1357 4062 reges,
1402 3984 1744 4062 plectuntur
1783 3983 2021 4058 Achiui,

527 4083 689 4144 Nam
729 4091 909 4160 caput
949 4083 1253 4142 infirmum
1295 4081 1565 4142 membra
1605 4081 1812 4142 dolere
1850 4081 2026 4144 facit:

433 4229 563 4294 cap.
602 4230 689 4280 vii.
732 4229 979 4296 Headae’ng
1007 4243 1039 4292 5
1058 4229 1111 4281 ff.
1160 4227 1830 4294 innocencium—excusat]
1876 4229 2208 4292 omnipotens
2249 4227 2340 4291 qui
2377 4235 2564 4280 cuncta

369 4309 621 4359 discernit
643 4323 825 4359 causas
846 4308 1032 4360 melius
1054 4307 1202 4358 nouit
1224 4309 1274 4360 G
1298 4309 1451 4370 (ras.)
1476 4307 1527 4358 D
1592 4307 1860 4374 (Headn'ng
1875 4323 1975 4361 om.
2005 4307 2070 4372 L)

432 4387 535 4450 47⁶
563 4401 718 4450 quem
742 4385 782 4438 S
978 4403 1078 4451 493
1111 4387 1193 4437 Νο
1206 4395 1417 4453 paragr.
1441 4385 1481 4436 S

1412 4487 1521 4534 R2
