3434 5142
853 453 981 516 274
1561 428 1759 493 VOX
1816 424 2357 491 CLAMANTIS

1021 584 1126 645 Nil
1165 600 1474 661 possessus
1515 581 1716 654 habet,
1760 580 1903 657 quia
1944 578 2217 657 quisquis
2261 578 2517 639 habetur
2556 576 2783 639 babere

1022 683 1206 743 Nulla
1245 691 1482 758 potest;
1537 698 1603 741 se
1645 697 1771 738 non
1812 678 2099 754 possidet,
2143 693 2285 753 ergo
2326 676 2530 736 nichil.
3008 684 3081 734 60

1023 780 1215 840 Seruit
1257 778 1486 839 habens
1527 776 1764 848 habitis,
1810 794 1925 835 nec
1964 774 2149 835 habet
2190 784 2283 834 set
2322 772 2595 847 habetur,
2635 790 2885 833 auarum

1023 878 1258 940 Census
1300 876 1503 951 habet,
1543 875 1797 937 domino
1836 872 2331 951 predominantur
2368 890 2535 949 opes.

1021 976 1180 1038 Cum
1223 992 1486 1052 nequas
1527 983 1666 1033 tuus
1709 990 1858 1045 esse,
1902 980 2075 1031 tuum
2116 970 2301 1030 nichil
2340 981 2433 1031 est
2450 991 2469 1043 ;
2529 988 2671 1031 suus
2711 986 2847 1030 ase

1025 1073 1227 1134 Nemo
1266 1080 1482 1149 potest,
1525 1071 1700 1148 igitur
1740 1079 1833 1130 est
1873 1068 2059 1129 nichil
2098 1068 2217 1129 hoc
2256 1068 2425 1145 quod
2464 1067 2669 1129 habes.

1025 1170 1088 1233 Si
1129 1171 1264 1248 quis
1304 1169 1468 1231 enim
1507 1168 1828 1228 dominum
1866 1184 2065 1227 rerum
2104 1165 2219 1227 sibi
2260 1164 2483 1240 subdit,
2526 1176 2587 1227 et
2627 1166 2755 1243 ipsa

1026 1270 1154 1329 Res
1194 1270 1350 1328 serui
1389 1267 1622 1328 domini
1661 1266 1879 1328 dicitur
1916 1283 2050 1327 esse
2088 1266 2215 1326 sui:

1027 1367 1247 1426 Euicto
1287 1384 1464 1427 seruo
1503 1364 1770 1441 sequitur
1810 1364 2111 1441 possessio
2152 1381 2411 1435 seruum,

1028 1465 1110 1523 Et
1150 1464 1375 1524 cedunt
1416 1462 1669 1524 domino
1709 1480 1919 1522 seruus
1960 1472 2021 1523 et
2060 1462 2189 1521 eius
2230 1480 2415 1538 opes:

1025 1560 1308 1638 Adquirit
1347 1560 1616 1633 domino,
1661 1560 1749 1619 nil
1786 1560 2047 1637 adquirit
2086 1559 2201 1620 sibi
2242 1558 2489 1635 seruus3

1029 1656 1338 1735 Quicquid
1379 1657 1576 1731 habet,
1621 1657 1939 1717 dominum
1980 1668 2216 1717 constat
2258 1656 2481 1717 habere
2520 1674 2715 1716 suum.
3012 1676 3081 1729 70

1029 1758 1248 1817 Seruus
1287 1754 1544 1821 auaricie
1583 1754 1698 1815 sibi
1741 1773 1865 1815 non
1906 1754 2267 1829 dominatur,
2312 1752 2567 1815 abutens

1029 1852 1294 1915 Arbitrio
1334 1854 1576 1931 proprio
1615 1854 1976 1931 proprietate
2014 1863 2193 1914 caret.

1031 1952 1190 2015 Cum
1229 1953 1536 2030 proprium
1575 1952 1761 2011 nichil
1801 1970 1933 2012 esse
1972 1951 2145 2025 scias,
2186 1960 2281 2013 est
2318 1951 2521 2011 danda
2560 1950 2826 2023 facultas

1031 2050 1289 2127 Queque
1309 2059 1559 2111 retenta
1598 2058 1839 2125 nocent,
1886 2050 2235 2125 particulata
2276 2048 2501 2110 iuuant.

1109 2149 1328 2209 Nullus
1367 2150 1530 2209 enim
1570 2149 1788 2225 poterit
1828 2148 2115 2208 veraciter
2152 2166 2287 2208 esse
2328 2148 2559 2221 beatus,

1031 2246 1154 2321 Qui
1196 2264 1305 2307 sua
1343 2264 1483 2305 cum
1523 2247 1690 2306 socio
1732 2246 2083 2322 participare
2122 2246 2348 2323 nequit.

1031 2344 1156 2419 Qui
1195 2345 1341 2405 dare
1379 2344 1544 2403 nulla
1583 2353 1799 2420 potest,
1844 2344 1985 2403 satis
2026 2345 2225 2420 ipsum
2266 2354 2517 2405 constat·
2541 2362 2753 2423 egere3

1032 2440 1190 2503 Cum
1231 2442 1388 2502 desit
1428 2441 1526 2500 cui
1569 2440 1690 2510 det,
1734 2441 1907 2501 diues
1948 2459 2173 2518 egenus
2214 2441 2361 2518 erit3

1031 2538 1224 2599 Diues
1263 2539 1327 2598 in
1368 2538 1486 2599 hoc
1527 2537 1694 2616 quod
1734 2537 1936 2613 habet,
1980 2549 2073 2600 set
2114 2558 2350 2618 semper
2390 2558 2615 2619 egenus
2655 2540 2719 2599 in
2760 2539 2881 2613 ille,

1033 2634 1219 2709 Quod
1261 2652 1385 2696 non
1427 2637 1504 2695 sit
1542 2653 1684 2695 cum
1724 2653 1849 2713 quo
1889 2636 2265 2715 participabit
2304 2658 2466 2716 opes.
3010 2650 3083 2697 8ο

1033 2733 1096 2793 Si
1135 2732 1247 2793 tibi
1287 2734 1362 2794 sit
1403 2752 1598 2793 rerum
1641 2735 1943 2811 possessio
1983 2736 2157 2813 larga,
2202 2753 2317 2797 nec
2356 2736 2509 2797 vllus

1032 2830 1122 2891 Sit
1161 2842 1265 2891 tua
1304 2831 1402 2891 cui
1444 2832 1654 2905 donea
1697 2832 1875 2908 copia
1915 2833 2079 2893 nulla
2118 2833 2263 2895 tibi:

1033 2928 1096 2990 Si
1136 2926 1246 2989 tibi
1287 2928 1364 2990 sit
1403 2929 1601 3002 facies,
1645 2930 1724 2989 sit
1764 2931 1973 3004 honor,
2019 2932 2095 2991 sit
2134 2932 2343 3005 forma,
2388 2934 2467 2992 sit
2505 2933 2629 2993 alta

1033 3026 1216 3087 Mens
1257 3026 1384 3100 tibi,
1429 3026 1479 3087 si
1519 3012 1731 3087 tamen⁸
1764 3028 1885 3088 hoc
1925 3028 2151 3088 nesciat
2193 3030 2355 3104 alter,
2400 3048 2560 3108 eges.

1035 3124 1336 3201 Dispensa
1376 3126 1544 3203 quod
1583 3124 1789 3196 habes,
1832 3136 1896 3185 vt
1936 3128 2195 3187 consulit
2234 3146 2390 3202 νειιε,
2434 3129 2515 3190 ad
2554 3146 2747 3201 vsum,

1038 3222 1183 3283 Non
1223 3224 1304 3285 ad
1347 3210 1606 3284 auaricie
1647 3221 1869 3301 pabula
1910 3225 2119 3285 confer
2157 3244 2304 3303 opes
2332 3250 2347 3286 ι

1036 3319 1137 3379 Da
1177 3321 1372 3395 nudiS,
1416 3322 1496 3383 da
1537 3322 1897 3399 pauperibus
1938 3323 2017 3383 de
2056 3323 2382 3401 pinguibus
2422 3325 2544 3399 vti3

1036 3417 1234 3495 Pingit
1273 3420 1606 3478 amiciciam
1649 3420 2098 3480 commoditatis
2138 3439 2325 3482 amor.

1037 3513 1198 3575 Cum
1238 3514 1400 3577 bona
1445 3528 1666 3577 cuncta
1704 3536 1887 3594 regas,
1935 3518 2028 3578 vel
2066 3518 2147 3578 ad
2187 3537 2357 3579 esum
2400 3530 2543 3580 sunt
2582 3520 2679 3581 vel
2716 3522 2799 3583 ad
2837 3538 3013 3581 vsum
3037 3540 3060 3595 3

1034 3612 1211 3674 Velle
1249 3622 1421 3673 tuum
1461 3614 1640 3675 rebus
1681 3626 1845 3675 vtere
1885 3616 2041 3676 sicut
2081 3616 2285 3677 habes.
2878 3670 2884 3675 .
3008 3642 3083 3695 90

1037 3710 1231 3770 Instat
1270 3711 1528 3771 auaricia
1568 3722 1658 3771 set
1698 3722 1867 3772 tanta
1906 3714 2111 3786 mode,
2156 3716 2321 3790 quod
2362 3715 2441 3774 ad
2480 3734 2654 3777 aures

1039 3807 1260 3869 Diuitis
1301 3820 1394 3871 est
1433 3809 1724 3869 nichilum
1766 3811 1933 3889 quod
1974 3830 2110 3873 mea
2149 3815 2369 3892 scripta
2406 3813 2623 3875 ferunt.

1119 3906 1181 3967 N
1182 3925 1266 3966 on
1305 3908 1492 3968 modo
1533 3920 1845 3987 magnatos
1885 3918 2119 3971 tantum
2160 3912 2287 3973 fore
2327 3921 2563 3973 constat
2600 3930 2832 3987 auaroe,

1037 4004 1174 4063 Hos
1215 4015 1306 4065 set
1345 4006 1612 4085 vulgares
1655 4009 1934 4068 nouimus
1974 4026 2106 4069 esse
2146 4027 2296 4069 reos.

1007 4101 1122 4189 ‘Vt
1161 4102 1379 4178 gallina
1418 4123 1596 4165 suurn
1633 4106 1831 4183 granis
1872 4106 2036 4166 iecur
2074 4106 2284 4184 implet
2325 4106 2699 4182 habundum,

1039 4197 1138 4257 De
1179 4198 1441 4261 minimis
1483 4222 1769 4281 magnum
1808 4204 1990 4264 sumit
2033 4212 2094 4264 et
2135 4204 2265 4282 ipsa
2303 4203 2527 4280 cibum,

1679 4414 1747 4478 87
1782 4416 1851 4467 da
1870 4416 2147 4480 pinguibus
2169 4416 2261 4469 ct:
