3434 5142
1205 1166 1756 1243 EPISTOLA

444 1394 631 1449 Hanc
668 1394 1023 1464 Epistolam
1068 1393 1493 1463 nubam-{ptam
1540 1394 1726 1451 corde
1773 1394 2006 1453 denoto
2051 1396 2227 1453 misit
2267 1410 2468 1453 senex
2515 1400 2582 1455 et

371 1496 562 1537 cecus
611 1482 937 1537 Iohanne·
992 1482 1223 1539 Gowcr
1275 1482 1828 1539 Reuerendisoimo
1885 1484 1954 1539 in
2008 1482 2219 1540 Cristo
2266 1484 2444 1540 Patri
2500 1500 2578 1541 ac

372 1570 630 1625 domino
653 1584 773 1624 suo
796 1569 1110 1638 precipuo,
1132 1569 1389 1626 domino
1412 1570 1653 1626 ‘rhome
1686 1570 1766 1626 de
1791 1571 2110 1637 Arundell,
2135 1570 2580 1629 Cantuaricnni

373 1658 892 1726 Archicpiscopo,
908 1656 1116 1712 tocius
1130 1657 1363 1727 Anglie
1389 1658 1653 1713 Primati
1679 1660 1746 1714 et
1769 1658 2122 1727 apostolice
2147 1660 2320 1714 sedis
2345 1660 2580 1727 legato.

374 1746 569 1801 euius
596 1748 837 1801 statum
875 1744 957 1800 ad
994 1745 1259 1801 ecclesie
1295 1761 1409 1801 sue
1444 1746 1724 1815 regimen
1761 1746 1997 1815 dirigat
2032 1750 2099 1803 et
2133 1746 2406 1803 feliciter
2441 1762 2580 1803 con-

375 1836 591 1889 seruet
628 1833 799 1887 filius
833 1834 1107 1902 virgini·
1142 1833 1435 1903 gloriose,
1459 1834 1750 1890 dominus
1785 1837 2010 1889 noster
2049 1834 2274 1890 theom
2318 1833 2582 1899 cristus,

374 1922 483 1990 qui
519 1934 659 1976 cum
693 1921 813 1977 deo
850 1924 1032 1989 patre
1054 1924 1135 1979 .et
1174 1922 1399 1990 spiritu
1437 1924 1667 1978 sancto
1704 1922 1872 1977 viuit
1908 1926 1974 1977 et
2014 1924 2245 1991 regnat
2279 1921 2434 1977 deun
2471 1936 2584 1991 per

376 2009 597 2065 omnia
620 2009 838 2063 secula
862 2009 1232 2064 seculorum.
1304 2009 1525 2065 Amen.

506 2181 786 2223 uccessor
826 2163 1081 2237 Thome,
1126 2163 1411 2237 Thomas,
1457 2162 1748 2224 humilem
1791 2162 1901 2223 tibi
1943 2161 2027 2223 do
2069 2180 2186 2235 me,

536 2262 727 2320 Hunc
768 2269 828 2320 et
870 2270 1209 2337 presentem
1251 2259 1470 2322 librum
1512 2260 1622 2321 tibi
1664 2259 1864 2322 scribo
1906 2270 2298 2337 sequentem:

379 2358 585 2435 Quod
627 2356 738 2419 tibi
779 2368 1059 2435 presento
1100 2357 1481 2435 scriptum¹
1526 2358 1780 2419 retinere
1823 2370 2148 2433 memento,

376 2458 463 2517 Vt
501 2456 943 2533 contempletur
982 2472 1161 2533 super
1201 2456 1318 2516 hoc
1360 2473 1483 2535 quo
1524 2474 1724 2517 mens
1765 2455 2196 2517 stimuletur.

379 2554 565 2616 Curia
607 2554 800 2615 diuisa
842 2572 962 2632 que
1003 2554 1204 2615 Rome
1246 2564 1363 2615 stat
1404 2554 1590 2615 modo
1630 2554 1775 2626 visa,
2223 2534 2298 2557 φ

378 2654 547 2712 Dum
590 2670 655 2713 se
695 2652 993 2729 peruertit,
1026 2652 1088 2711 in
1132 2652 1361 2712 luctum
1400 2651 1619 2730 gaudia
1658 2651 1868 2713 vertit:

378 2751 461 2810 Et
502 2750 644 2828 quia
685 2750 783 2810 lex
821 2749 1001 2811 Cristi
1043 2749 1211 2811 dolet
1251 2750 1368 2811 isto
1407 2760 1682 2827 tempore
1721 2750 1890 2823 tristi,

378 2850 525 2908 Hoc
564 2848 645 2908 ad
685 2847 1171 2925 plangendum
1210 2846 1427 2908 librum
1467 2847 1579 2908 tibi
1620 2848 1796 2908 mitto
1837 2846 2176 2926 legendum.

376 2946 500 3007 Set
540 2954 635 3017 tu,
678 2945 928 3006 diuine
968 2946 1087 3023 qui
1130 2945 1371 3006 lumen
1414 2944 1635 3007 habes
1676 2945 2055 3018 medicine,

377 3044 711 3105 Gaudeat
751 3052 826 3102 vt
866 3043 1117 3117 tristis,
1160 3043 1898 3104 confermedicamen
1943 3044 2012 3102 in
2055 3042 2252 3103 istis:
2522 3064 2584 3102 ιο

342 3130 790 3201 ’Βιίιιιιηοᾶο
829 3140 947 3199 lux
987 3142 1227 3215 cessit,
1272 3140 1598 3217 alibique
1642 3140 1820 3202 fides
1859 3138 2322 3212 tenebrescit,
2444 3206 2456 3219 ‚

377 3240 477 3299 Tu
520 3249 726 3299 noster
768 3236 1011 3299 Phebus
1053 3239 1271 3299 nostris
1311 3238 1394 3299 da
1432 3239 1663 3299 lumina
1702 3238 1900 3312 rebus,

378 3336 461 3395 Et
500 3336 671 3414 quod
714 3336 1113 3411 splendescas,
1156 3337 1373 3398 virtute
1416 3346 1639 3415 tuaque
1679 3336 1958 3409 calescas,

382 3436 527 3494 Hoc
568 3434 757 3510 magis
797 3434 877 3493 ad
918 3434 1124 3494 lumen
1167 3432 1277 3494 tibi
1318 3435 1604 3512 scriptum
1646 3434 1814 3495 dono
1853 3434 2156 3495 volumen.

382 3532 469 3592 In
508 3531 811 3608 speculo
851 3532 953 3590 tali
994 3532 1081 3592 de
1122 3540 1365 3609 pectore
1406 3532 1668 3593 iudiciali

381 3629 446 3689 Si
486 3629 694 3689 videas
735 3628 931 3705 plane,
976 3640 1125 3705 puto
1167 3646 1291 3689 non
1332 3629 1444 3690 erit
1487 3629 1634 3690 illud
1677 3630 1876 3688 inane.

380 3728 583 3789 Cecus
626 3744 741 3803 ego
782 3742 987 3801 mere,
1032 3726 1256 3803 nequio
1296 3726 1437 3788 licet
1476 3737 1609 3787 acta
1650 3726 1873 3797 videre,

379 3826 483 3885 Te
523 3834 763 3884 tamen
805 3824 867 3882 in
908 3834 1112 3884 mente
1156 3823 1605 3885 memorabor
1644 3824 1832 3885 corde
1871 3821 2130 3883 vidente.

379 3921 653 3998 Corpore
693 3921 981 3995 defectus,
1023 3922 1302 3999 quamuis
1345 3922 1527 3982 michi
1568 3940 1754 3982 curua
1795 3930 2090 3982 senectus

379 4020 719 4096 Torquet,
746 4017 986 4078 adhuc
1014 4028 1325 4079 mentem
1354 4019 1599 4078 studio
1628 4018 1805 4079 sinit
1832 4034 1993 4077 esse
2020 4024 2447 4089 manentem,
2523 4039 2590 4073 20

380 4116 463 4174 Et
504 4116 591 4174 sic
634 4130 775 4173 cum
818 4113 1016 4175 Cristo
1057 4123 1258 4191 persto
1298 4115 1600 4177 studiosus
1641 4116 1703 4175 in
1746 4116 1880 4187 isto,

380 4213 527 4288 Quo
569 4210 781 4271 mundi
822 4220 991 4289 gesta
1030 4210 1143 4271 tibi
1186 4210 1441 4272 scribam
1485 4212 1603 4271 iam
1644 4210 1978 4272 manifesta.

587 4356 708 4406 ms
726 4356 913 4421 Ept'stle
928 4356 974 4405 εἰς
982 4356 1165 4419 fhund
1178 4357 1234 4405 in
1256 4355 1339 4405 the
1353 4354 1451 4405 Au
1466 4353 1621 4405 Souls
1644 4354 1757 4406 MS.
1783 4355 1916 4418 οκζγ.

580 4433 599 4464 ¹
638 4434 821 4485 Words
840 4436 1031 4485 written
1053 4450 1170 4484 over
1186 4450 1384 4485 mn
1403 4435 1457 4483 ἔκ
1478 4433 1557 4483 the
1578 4432 1692 4485 MS.
1721 4450 1806 4483 are
1817 4432 2020 4499 printed
2035 4434 2088 4483 in
2110 4431 2288 4498 φαταὶ
2301 4436 2423 4497 me.

466 4512 613 4547 cst*
1468 4530 1507 4573 Β

466 4562 550 4681 ‘a
