3434 5142
1101 402 1386 468 LIBER
1445 402 1814 470 SEXTUS
2432 426 2555 489 259

427 589 546 645 Hic
587 591 883 659 loquitur,
909 590 1074 659 quod
1106 590 1348 659 absque
1379 590 1629 646 iusticie
1662 594 1925 659 experta
1956 608 2153 647 causa
2184 606 2298 647 rex
2320 592 2557 648 bellare

355 692 485 733 non
509 678 716 734 debet.
783 678 948 735 Dicit
969 680 1225 749 insuper
1247 680 1412 747 quod
1436 680 1609 747 regie
1631 680 1924 748 congruit
1944 680 2263 748 dignitati,
2287 679 2559 737 discreto

360 767 576 821 tamen
602 768 857 835 prouiso
882 766 1204 836 regimine,
1225 769 1437 837 magis
1461 782 1675 823 amore
1698 783 1885 836 quam
1919 768 2319 824 austeritatis
2350 770 2561 838 rigore

364 868 518 910 euos
542 855 828 911 subditos
851 858 1154 913 tractare.

120 976 311 1051 Capm.
342 974 478 1036 xiiii.
603 976 744 1037 Alta
784 986 995 1054 petens
1035 978 1234 1054 aquila
1275 978 1436 1038 volat
1475 977 1616 1039 alite
1657 977 1873 1038 celsius
1913 977 2097 1052 omni,

528 1074 607 1134 Et
648 1093 845 1152 regem
888 1076 1182 1135 mundum
1224 1076 1408 1136 corde
1447 1076 1659 1152 figurat
1699 1093 1787 1135 ea.

526 1172 610 1231 Vt
651 1190 816 1232 sacra
857 1181 1148 1233 testantur
1187 1174 1525 1233 citharistea
1565 1172 1783 1250 scripta
1823 1173 2129 1250 prophete,

529 1271 604 1330 In
645 1270 842 1329 celum
882 1272 1028 1331 tales
1069 1289 1173 1331 cor
1211 1289 1464 1349 posuere
1503 1288 1696 1330 suum.

529 1370 866 1427 Pennatum
910 1368 1165 1445 Griphes
1205 1370 1424 1429 animal
1467 1367 1845 1446 pedibusque
1885 1370 2187 1447 quaternis

533 1465 762 1526 Invitos
802 1466 1078 1527 homines
1119 1468 1306 1545 carpit
1346 1476 1430 1527 et.
1447 1468 1645 1528 horret
1685 1484 1909 1545 equos:
2465 1488 2566 1539 990

532 1552 892 1641 Designatur
931 1564 994 1624 in
1035 1565 1153 1625 hoc
1193 1566 1423 1625 facinus
1464 1565 1705 1626 crudele
1748 1573 2078 1642 potentum,

531 1662 654 1738 Qui
697 1672 918 1723 mortes
959 1664 1274 1723 hominum
1316 1682 1456 1723 curn
1499 1663 1729 1723 feritate
1769 1672 1994 1723 vorant.

534 1761 646 1820 Est
685 1762 860 1837 igitur
900 1760 1112 1821 melius
1151 1762 1349 1838 aquile
1391 1760 1500 1821 tibi
1543 1780 1779 1822 sumere
1818 1762 2087 1834 sormam,

533 1858 682 1932 Rex,
725 1869 788 1919 vt
827 1875 1033 1919 amore
1072 1860 1174 1936 pio
1215 1876 1394 1936 regna
1435 1860 1637 1935 quieta
1678 1877 1862 1935 regas,

533 1956 776 2031 Griphis
817 1974 1000 2032 quam
1041 1956 1242 2032 specie
1283 1956 1573 2033 populum
1613 1966 1832 2015 terrene
1872 1971 2111 2031 pauore,

533 2052 780 2130 Semper
819 2053 981 2113 enim
1023 2063 1260 2129 superat
1299 2064 1431 2113 acta
1470 2053 1699 2113 timoris
1738 2070 1926 2114 amor.

617 2150 761 2211 Non
804 2150 1000 2211 omnis
1042 2152 1144 2228 qui
1187 2152 1358 2212 timet
1397 2161 1578 2225 amat,
1623 2160 1714 2212 set
1756 2168 1966 2211 amans
2006 2150 2177 2209 timet
2216 2148 2449 2223 omnis;

537 2246 717 2308 Plebs
758 2248 820 2307 in
861 2266 1066 2309 amore
1107 2267 1358 2331 manens
1399 2250 1607 2327 plectit
1646 2258 1965 2326 vtrumque
2004 2247 2198 2306 simul.

534 2344 759 2409 Omnia
798 2346 982 2407 vincit
1021 2366 1205 2420 amor,
1249 2366 1418 2408 amor
1457 2357 1548 2408 est
1589 2347 1859 2408 defensio
1900 2346 2067 2422 regiS,

411 2476 422 2489 ·
535 2443 742 2504 Gloria
782 2444 974 2521 plebis
1014 2463 1197 2518 amor,
1242 2446 1370 2505 laus
1412 2455 1472 2505 et
1511 2445 1574 2504 in
1615 2443 1762 2505 orbe
1802 2443 1956 2502 deo:
2447 2463 2576 2499 1000

537 2540 716 2601 Plebs
757 2550 848 2601 est
888 2541 1039 2619 regis
1080 2561 1234 2619 ager,
1275 2562 1377 2603 rex
1418 2544 1609 2604 cultor
1648 2542 1751 2619 qui
1794 2541 1938 2600 colit
1978 2558 2221 2618 agrum3

539 2638 603 2699 Si
643 2639 814 2711 male,
861 2638 972 2699 fert
1011 2638 1278 2714 tribuIOS,
1324 2641 1372 2700 si
1413 2638 1588 2714 bene,
1631 2658 1817 2718 grana
1856 2638 2027 2716 parit.

537 2736 664 2812 Qui
704 2734 863 2797 bene
901 2738 1054 2815 regis
1094 2738 1215 2815 agit
1254 2739 1538 2817 regimen,
1583 2756 1684 2798 rex
1724 2748 1833 2811 est,
1876 2746 1969 2798 set
2010 2736 2213 2812 inique

541 2835 666 2911 Qui
706 2836 855 2913 regit
895 2836 956 2895 in
999 2836 1181 2911 viciis,
1226 2838 1354 2915 ipse
1393 2838 1659 2897 tirannus
1700 2836 1829 2897 erit.

539 2933 604 2993 Si
643 2952 746 2993 rex
785 2934 865 2994 de
905 2934 1104 3011 predis
1145 2934 1324 3008 viuat,
1368 2936 1723 2995 malediccio
1762 2932 1956 3011 plebis

542 3032 896 3107 Murmurat‚
941 3042 1002 3092 et
1043 3033 1165 3109 regi
1207 3043 1371 3092 mota
1409 3033 1475 3092 fit
1515 3034 1602 3092 ira
1639 3031 1759 3092 dei.
2231 3102 2235 3107 ,

545 3130 833 3189 Lucratur
873 3128 1160 3205 populum
1204 3147 1323 3206 que
1365 3130 1546 3189 deum
1588 3146 1690 3189 rex
1732 3130 1921 3187 iustus
1963 3135 2296 3202 vti-umque,

544 3228 794 3303 Statque
834 3244 940 3303 per
981 3227 1099 3286 hoc
1138 3226 1304 3304 regni
1347 3226 1520 3286 firma
1559 3244 1783 3286 corona
1824 3226 1931 3286 sui.

541 3325 754 3401 Tange
793 3333 962 3384 tuum
1005 3333 1235 3401 pectus,
1276 3324 1376 3402 pie
1417 3342 1531 3398 rex,
1578 3342 1701 3400 quo
1744 3341 1979 3384 sumere
2018 3321 2211 3400 possis

545 3422 730 3499 Regis
769 3422 848 3483 ad
889 3408 1202 3499 imperium
1243 3439 1364 3499 que
1405 3423 1652 3482 meliora
1691 3431 1937 3499 parant:
2226 3466 2234 3476 .
2310 3470 2317 3478 .
2457 3438 2585 3475 1010

545 3520 608 3583 Si
648 3530 709 3581 te
749 3517 1029 3580 nobilitas
1068 3538 1476 3598 generosaque
1517 3520 1764 3581 nomina
1804 3526 2071 3596 tangunt,

548 3620 624 3679 In
664 3636 854 3696 genus
894 3619 1234 3695 exemplum
1277 3619 1364 3679 fer
1402 3618 1591 3696 magis
1632 3620 1764 3695 ipse
1802 3628 2009 3678 tuum:

545 3715 810 3777 Nomine
848 3716 1166 3794 perspicuo
1206 3734 1346 3775 cum
1387 3717 1468 3776 sis
1508 3733 1830 3793 generosus
1871 3731 2138 3787 auorum,

546 3814 878 3890 Equipares
920 3813 1116 3890 stirpis
1157 3810 1426 3873 moribus
1466 3822 1600 3873 acta
1640 3813 1774 3873 tuiS.

545 3912 692 3971 Hoc
733 3911 796 3969 in
837 3911 1066 3972 honore
1106 3910 1204 3971 dei
1247 3910 1555 3971 communi
1595 3928 1746 3971 voce
1785 3924 2113 3987 precamur,

547 4008 634 4067 vt
673 4005 940 4083 gemines
981 4007 1165 4066 animi
1207 4005 1520 4068 nobilitate
1559 4024 1766 4085 genus.
1982 4064 1989 4071 .

631 4104 776 4164 Pars
817 4104 894 4164 sit
937 4104 999 4163 in
1039 4114 1282 4181 aspectu
1324 4104 1435 4163 tibi
1477 4122 1662 4181 quem
1702 4104 1853 4165 deus
1894 4102 2267 4181 equiparauit

552 4203 798 4277 Natura,
841 4201 1060 4281 precio,
1103 4201 1466 4262 condicione
1504 4202 1672 4279 pari:

451 4316 550 4380 987
595 4315 904 4379 cytharista
934 4314 1026 4365 ΟΕ
1113 4314 1409 4364 either-ittet
1444 4314 1492 4363 D
1583 4312 1869 4364 citheristia
1905 4312 1947 4364 L
2163 4328 2263 4377 993
2308 4310 2517 4375 aliquile
2552 4308 2591 4359 S

393 4408 516 4445 1001
552 4394 758 4461 agrum]
781 4394 923 4443 illum
945 4394 989 4445 C

1441 4493 1472 4538 s
1505 4497 1536 4537 2
