3434 5142
800 500 877 560 72
1500 475 1701 544 VOX
1759 474 2244 543 CLAMANTI
2253 478 2302 541 S

961 640 1247 715 EfficeriS,
1292 636 1469 701 nobis
1508 638 1738 717 gracior
1777 639 1936 700 vnde
1975 639 2150 699 sores·

958 740 1044 798 Vt
1084 749 1145 800 te
1186 738 1369 798 credo
1410 737 1593 798 deum
1634 738 1723 797 sic
1764 754 1896 797 esse
1934 753 2262 813 meumque
2302 744 2629 813 parentem,

959 836 1200 909 Micius,
1244 852 1368 908 or0,
1412 844 1595 910 pater,
1640 844 1705 893 tu
1749 850 1884 894 mea
1925 834 2044 893 fata
2083 836 2260 910 rege!

958 936 1043 995 Vt
1083 934 1163 995 de
1204 944 1396 993 morte
1436 932 1629 992 crucis
1670 942 1732 993 te
1773 950 1896 992 non
1939 932 2126 1009 pudet
2165 948 2300 993 esse
2339 940 2671 1003 cruentum,

961 1034 1106 1093 Hoc
1146 1031 1246 1104 ita,
1290 1030 1484 1091 Criste
1524 1029 1674 1091 meis
1715 1039 1988 1106 tempore
2027 1047 2205 1106 parce
2244 1028 2451 1089 malis!

960 1130 1083 1205 Qui
1126 1127 1379 1188 Paulum
1420 1127 1650 1204 pelago,
1696 1128 1939 1186 Petrum
1980 1127 2060 1187 de
2099 1143 2351 1199 carcere,
2397 1126 2614 1185 Ionam

962 1226 1158 1303 Eripis
1200 1244 1237 1285 a
1276 1225 1455 1302 piscis
1496 1235 1720 1298 ventre,
1765 1232 2073 1285 memento
2113 1224 2268 1283 mei!
2871 1231 3000 1281 1820

959 1324 1169 1385 Nescit
1208 1321 1421 1383 abesse
1461 1322 1613 1383 deus
1654 1324 1717 1382 in
1760 1340 1828 1383 se
1867 1320 2260 1400 sperantibus,
2303 1338 2476 1398 egros

958 1422 1193 1495 Visitat,
1238 1421 1417 1482 elisos
1456 1420 1643 1499 erigit,
1686 1431 1866 1499 auget
1907 1439 2106 1497 opem.

961 1519 1235 1591 Peccaui,
1278 1517 1478 1591 redeo,
1522 1519 1802 1579 miserere
1841 1537 2052 1595 precor
2089 1516 2448 1578 miserendi!

958 1617 1230 1693 Tempus
1270 1615 1457 1689 adest,
1501 1616 1750 1677 miseros
1789 1626 1851 1677 te
1889 1616 2160 1676 refouere
2199 1614 2390 1675 decet.

962 1716 1161 1788 Parce,
1206 1730 1431 1790 precor,
1475 1712 1826 1791 fulmenque
1865 1724 2036 1773 tuum
2077 1721 2181 1773 tna
2221 1714 2342 1772 tela
2381 1711 2658 1785 reconde,

964 1814 1103 1889 Que
1143 1811 1326 1871 michi
1370 1828 1534 1871 nunc
1574 1812 1794 1873 misero
1833 1811 2022 1871 tristia
2061 1820 2228 1871 tanta
2267 1820 2492 1889 parant.

1046 1915 1062 1942 ‘
1080 1910 1175 1971 O!
1210 1911 1309 1970 cui
1348 1908 1543 1970 fundo
1582 1928 1808 1987 preceS,
1851 1921 1914 1971 te
1953 1911 2258 1987 deprecor,
2305 1910 2485 1971 intret
2525 1910 2589 1968 in
2627 1926 2800 1968 aures

962 2012 1103 2071 Hec
1144 2026 1279 2069 mea
1319 2008 1556 2068 diuinas
1595 2026 1713 2068 vox
1751 2008 2064 2069 lacrimosa
2103 2010 2272 2069 tuas!

964 2108 1096 2167 Iam
1136 2122 1323 2185 prope
1365 2104 1675 2182 depositus
1717 2124 1853 2165 sum
1893 2105 2143 2181 mund0,
2188 2104 2450 2183 frigiduS,
2493 2122 2650 2182 eger,

960 2206 1240 2267 Seruatus
1281 2222 1387 2281 per
1425 2213 1503 2277 te,
1548 2204 1600 2263 si
1639 2203 1826 2264 modo
1867 2222 2085 2278 seruet,
2127 2222 2258 2282 ege.
2873 2210 3003 2273 1830

963 2304 1020 2365 O
1062 2303 1278 2380 superi,
1321 2301 1557 2377 fractiS,'
1599 2302 1739 2376 dixi,
1789 2305 1805 2334 ‘
1823 2303 2146 2363 succurrite
2186 2302 2382 2375 remis,

961 2403 1043 2462 Et
1082 2399 1222 2461 date
1262 2400 1567 2477 naufragio
1609 2400 1782 2461 litora
1821 2411 1950 2461 tuta
1991 2405 2165 2461 meo!

962 2500 1101 2575 Que
1139 2516 1329 2575 genus
1371 2498 1705 2557 humanum
1747 2500 1975 2558 curauit
2016 2499 2244 2576 origine
2285 2496 2480 2571 Cristi,

960 2596 1277 2657 Materiam
1319 2614 1460 2656 cure
1499 2594 1746 2673 prebeat
1785 2596 1886 2657 ina
1925 2600 2096 2657 mee!

960 2695 1054 2755 Te
1092 2712 1316 2771 precor,
1362 2694 1520 2755 alme
1562 2693 1730 2767 deuS,
1777 2693 1853 2753 sit
1894 2703 1956 2754 vt
1999 2694 2098 2753 illa
2137 2692 2322 2753 michi
2362 2691 2688 2765 mediatrix,

962 2794 1104 2869 Que
1142 2790 1372 2869 peperit
1413 2792 1623 2853 florem
1664 2792 1811 2852 flore
1852 2802 2136 2854 manente
2177 2810 2307 2852 suo·

957 2889 1085 2951 Cur
1124 2890 1283 2948 mala
1322 2906 1441 2966 que
1482 2890 1685 2965 pacior
1727 2888 1896 2949 nullo
1937 2888 2122 2949 michi
2161 2900 2431 2965 tempore
2471 2888 2700 2948 soluis?

962 2986 1125 3046 Ecce
1166 2986 1343 3045 simul
1386 2987 1689 3059 morimur,
1735 2985 1982 3063 respice,
2025 2987 2200 3065 plaga
2239 2996 2448 3045 monet
2469 2988 2482 3047 l
2502 2987 2517 3013 '

960 3084 1119 3146 Cum
1162 3083 1349 3162 magis
1392 3084 1456 3143 in
1496 3083 1776 3162 precibus
1816 3094 2146 3161 prostratus
2187 3084 2458 3162 proxima
2497 3081 2762 3161 dampna

962 3181 1301 3257 Expectans
1341 3181 1514 3241 timui
1556 3199 1786 3259 speque
1826 3180 2032 3241 salutis
2073 3199 2270 3258 egens,
2877 3190 3008 3253 1840·

962 3281 1233 3357 Impetus
1274 3298 1351 3340 en
1392 3280 1595 3341 subito
1635 3281 1770 3357 ruit,
1816 3290 1878 3341 et
1918 3279 2223 3341 concussit
2261 3280 2342 3341 ad
2381 3298 2586 3357 ymum

963 3378 1219 3451 Nauem,
1263 3395 1446 3454 quam
1489 3378 1645 3441 Cille
1684 3379 1937 3439 deuorat
1977 3377 2062 3437 ira
2103 3396 2328 3455 prope:

960 3476 1071 3536 Vis
1111 3486 1315 3537 tamen
1354 3478 1515 3537 alma
1554 3494 1800 3553 precum
1840 3474 2148 3536 sitibunda
2186 3474 2481 3553 voraginis
2521 3492 2626 3535 ora

962 3570 1290 3645 obstruxit,
1332 3592 1447 3634 nec
1486 3592 1559 3634 ea
1599 3574 1666 3633 fit
1705 3574 1926 3633 saciata
1966 3572 2115 3635 vice.

960 3670 1211 3748 Semper
1250 3670 1313 3729 in
1354 3670 1584 3731 incerto
1625 3670 1846 3731 fuimus
1887 3670 2037 3749 quid
2078 3670 2199 3731 fata
2237 3655 2529 3748 pararent,

961 3768 1097 3829 Nec
1136 3785 1275 3845 spes
1315 3786 1425 3845 pro
1465 3766 1659 3843 nobis,
1702 3786 1818 3829 nec
1857 3770 2038 3829 timor
2077 3786 2228 3847 equs
2267 3769 2453 3830 adest.

961 3864 1185 3925 Micius
1226 3864 1325 3925 ille
1366 3865 1517 3942 perit
1556 3864 1771 3925 subitis
1812 3867 1916 3943 qui
1959 3868 2241 3945 mergitur
2281 3865 2472 3939 vndiS,

962 3959 1166 4035 Quam
1207 3979 1317 4022 sua
1354 3962 1461 4039 qui
1501 3962 1732 4024 timidis
1771 3960 2016 4024 brachia
2051 3964 2231 4025 iactat
2269 3962 2460 4041 aquis.

961 4057 1215 4135 Absque
1254 4060 1457 4137 quiete
1496 4070 1701 4122 tamen
1743 4072 1910 4141 rogat
1949 4063 2148 4123 omnis
2189 4071 2450 4140 votaque
2491 4060 2700 4138 suplex

964 4157 1285 4233 Impendit,
1330 4176 1451 4235 que
1491 4159 1619 4236 pias
1658 4160 1858 4221 fundit
1897 4160 1977 4220 ad
2015 4161 2137 4221 alta
2176 4177 2400 4238 preces·
2876 4165 3008 4229 1850

1112 4326 1240 4388 1848
1273 4326 1466 4379 timidis
1490 4328 1809 4380 SCEHGH·
1873 4330 2086 4382 timidus
2105 4330 2152 4381 T
2217 4330 2428 4382 tumidis
2451 4328 2500 4381 D
2525 4328 2698 4397 (corn)
