3434 5142
969 431 1450 497 vlCloRUM
1515 431 2136 498 PEsnLENclA
2541 455 2665 516 349

623 591 902 669 Desuper
938 608 977 650 a
1015 588 1160 652 celis
1198 589 1418 652 deiecit
1460 609 1598 652 eum
1641 589 1959 652 Michaelis

623 687 804 749 Ensis
843 689 924 749 ad
964 686 1180 748 inferni
1219 689 1496 750 tenebras
1537 689 1618 750 de
1655 691 1791 751 luce
1832 687 2115 768 superni;

621 785 682 845 N
684 804 756 846 ec
794 784 1103 863 paradisus
1143 784 1200 846 ei
1239 785 1488 866 prebere
1525 787 1729 847 locum
1768 784 1997 864 requiei
2566 810 2661 846 100

620 885 908 961 Spondet,
953 882 1054 944 vbi
1094 903 1232 946 vere
1271 883 1386 946 sibi
1422 883 1642 963 gaudia
1681 894 1886 963 posset
1925 883 2183 946 haberet

619 978 734 1052 Sic,
778 981 922 1059 quia
958 982 1248 1062 deceptus
1286 981 1430 1042 alibi
1467 980 1678 1059 nequit
1715 1000 1849 1042 esse
1888 991 2179 1059 recepturi,

619 1078 926 1140 Mundum
966 1078 1254 1158 deposcit,
1299 1089 1362 1140 vt
1401 1078 1464 1138 in
1505 1079 1609 1140 ino
1648 1077 1850 1140 viuere
1887 1077 2115 1156 possit:

617 1175 718 1236 Sic
755 1176 1106 1238 adhibendo
1146 1196 1376 1237 moram
1415 1175 1579 1238 venit
1617 1176 1718 1236 ille
1757 1175 2048 1254 superbus
2087 1177 2166 1236 ad
2208 1176 2433 1248 horam,

620 1273 824 1349 Quem
864 1293 1000 1334 mea
1039 1293 1211 1335 mens
1251 1273 1430 1334 tristis
1470 1272 1534 1334 in
1574 1273 1841 1352 partibus
1882 1271 2089 1334 asserit
2128 1271 2271 1334 istis

619 1370 809 1430 Hunc
849 1369 952 1431 vbi
991 1390 1304 1449 ponemus,
1347 1372 1584 1432 hostem
1625 1389 1808 1448 quem
1850 1389 2086 1448 semper
2125 1369 2461 1432 habemus?

618 1467 780 1527 Nam
822 1465 1010 1547 magis
1049 1467 1270 1529 infecta
1308 1467 1553 1530 veniens
1592 1467 1735 1529 facit
1774 1467 1979 1528 omnia
2018 1479 2191 1530 tecta.

619 1565 780 1625 Laus
818 1563 905 1626 ibi
945 1585 1070 1627 non
1110 1568 1286 1640 lucet,
1329 1565 1432 1626 vbi
1472 1585 1626 1626 vana
1665 1565 1945 1644 superbia
1984 1568 2167 1629 ducet

619 1663 833 1742 Regna
871 1663 1302 1742 superborum3
1353 1666 1534 1726 docet
1574 1665 1693 1724 hoc
1733 1663 1981 1726 'vestitus
2020 1684 2266 1726 eorum:
2520 1723 2528 1728 .

618 1761 778 1822 Cum
817 1763 976 1824 valet
1013 1774 1292 1842 ornatum
1332 1761 1448 1824 sibi
1486 1781 1675 1824 vanus
1715 1758 1938 1824 h'abere
1978 1774 2269 1840 paratum,
2564 1785 2657 1822 110

617 1860 762 1919 Non
803 1859 975 1938 quasi
1015 1860 1296 1934 mortalis
1341 1871 1432 1922 set
1470 1871 1534 1922 vt
1571 1862 1819 1938 angelus
1859 1863 2058 1922 euolat
2097 1859 2223 1920 alis.
2638 1887 2645 1894 ·

618 1956 831 2018 Militis
869 1961 950 2020 ad
983 1959 1244 2021 formam
1285 1960 1472 2020 modo
1513 1978 1740 2037 pauper
1779 1955 1963 2018 habet
2003 1957 2118 2018 sibi
2159 1977 2449 2031 normam,

616 2056 792 2116 Vana
833 2055 909 2117 sit
948 2067 1012 2118 vt
1052 2057 1232 2118 vestis
1273 2056 1384 2119 erit
1423 2057 1566 2118 inde
1609 2055 1889 2136 superbia
1928 2055 2113 2129 testiS,

618 2151 892 2214 Exterius
933 2153 1167 2232 signum
1209 2175 1315 2216 cor
1353 2155 1546 2233 signat
1586 2153 1807 2214 habere
1848 2153 2192 2232 malignum,

618 2250 835 2312 Cordis
877 2262 936 2312 et
977 2271 1172 2314 errore
1211 2254 1450 2313 fortuna
1489 2250 1714 2313 carebit
1754 2252 1999 2313 honore.

615 2350 750 2409 Nos
789 2347 966 2427 igitur
1007 2351 1186 2410 talem
1229 2369 1354 2411 non
1395 2349 1741 2412 consociare
1781 2351 2051 2410 sodalem

618 2445 893 2524 Expedit,
937 2457 1001 2508 vt
1042 2446 1154 2508 tuti
1195 2449 1516 2509 reddamur
1555 2447 1619 2508 in
1661 2449 1807 2510 orbe
1849 2447 2041 2508 saluti.

618 2545 804 2620 Quod
844 2546 994 2606 deus
1035 2545 1229 2607 odiuit
1267 2546 1552 2624 reprobos
1597 2545 1800 2607 Dauid
1842 2545 1959 2607 hoc
2002 2545 2159 2606 bene
2198 2543 2389 2619 sciuit,

617 2643 878 2721 Ipseque
918 2642 1225 2723 psalmista
1263 2643 1496 2722 scripsit
1535 2645 1615 2705 de
1654 2642 1873 2704 talibus
1914 2642 2061 2704 ista:

619 2745 634 2772 ‘
653 2741 854 2802 Elatas
895 2751 1128 2803 mentes
1168 2741 1370 2820 posuit
1409 2743 1489 2804 de
1529 2743 1674 2803 sede
1713 2751 2009 2820 potentes,
2560 2765 2580 2799 1
2593 2765 2655 2800 πο

587 2840 695 2898 vEt
735 2838 1080 2901 sublimauit
1120 2841 1393 2915 humiles,
1437 2861 1590 2918 quos
1631 2859 1869 2918 semper
1907 2839 2169 2900 amauit?

613 2939 822 2998 Vanus
865 2958 989 2998 non
1031 2939 1221 3013 durat,
1267 2957 1450 3016 quem
1490 2958 1646 2998 vana
1683 2935 1965 3016 superbia
2004 2947 2190 3010 curat,

615 3035 756 3093 Hec
796 3045 887 3094 set
927 3054 1067 3094 eum
1109 3033 1278 3095 ducit
1317 3033 1420 3095 vbi
1459 3033 1656 3112 gracia
1693 3035 1860 3094 nulla
1900 3033 2170 3107 reducit3
2404 3099 2410 3103 ,

615 3131 811 3209 Culpa
848 3130 1096 3209 quidem
1135 3131 1318 3192 fontis
1357 3129 1562 3192 latices
1601 3129 1771 3192 dabit
1811 3131 1924 3190 hec
1950 3129 2328 3202 Acherontis,

613 3229 794 3290 Vnde
833 3228 1050 3290 bibunt
1089 3228 1226 3290 vani
1268 3239 1522 3290 mortem
1564 3227 1735 3308 quasi
1774 3227 2077 3290 cotidiani.

611 3325 814 3388 Omne
855 3327 1021 3406 quod
1062 3338 1153 3389 est
1191 3337 1402 3388 natum
1443 3336 1559 3388 stat
1597 3326 1679 3387 ab
1716 3327 1837 3388 hoc
1876 3325 2032 3388 vicio
2072 3325 2370 3400 viciatum,

611 3425 756 3502 Quo
795 3424 983 3504 magis
1025 3425 1383 3487 inmundum
1425 3425 1514 3485 vir
1551 3443 1741 3486 vanus
1780 3424 1965 3485 habet
2004 3423 2120 3485 sibi
2160 3425 2494 3499 mundum

611 3523 716 3584 Set
756 3522 863 3601 qui
903 3523 1149 3584 mentali
1188 3524 1270 3584 de
1309 3524 1577 3602 pondere
1617 3521 1883 3584 iudiciali

613 3621 785 3682 Istud
827 3620 1082 3696 libraret,
1125 3633 1274 3700 puto
1315 3622 1482 3698 quod
1521 3619 1771 3682 meliora
1808 3630 2056 3699 pararet.
2144 3651 2149 3656 ·

611 3719 756 3779 Hoc
797 3739 938 3780 narn
979 3720 1228 3780 mortale
1268 3717 1488 3780 vicium
1528 3728 1645 3780 stat
1683 3718 1771 3780 sic
1810 3719 2101 3798 generale,
2560 3741 2654 3790 130

610 3817 797 3893 Quod
837 3819 1132 3879 mundum
1172 3815 1360 3896 fregit,
1403 3814 1506 3878 vbi
1545 3815 1779 3896 singula
1816 3835 1997 3895 regna
2036 3814 2309 3895 subegit3

611 3915 752 3974 Hec
791 3913 1014 3974 etenim
1051 3917 1234 3976 cedes
1271 3925 1522 3988 nostras,
1565 3925 1630 3975 vt
1669 3913 1903 3988 dicitur,
1946 3915 2091 3976 eden

610 4009 820 4083 Vertit,
863 4022 925 4073 et
965 4011 1176 4074 insana
1216 4015 1320 4075 dat
1359 4024 1632 4092 tempora
1671 4011 1993 4074 cotidiana.

607 4109 668 4172 Ο
708 4110 860 4170 deus
899 4120 1120 4184 eterne,
1162 4113 1338 4190 culpe
1378 4110 1656 4172 miserere
1696 4111 2001 4182 moder-ne,

608 4208 850 4286 Facque
892 4207 1020 4288 pias
1061 4219 1294 4269 mentes
1334 4209 1450 4270 sub
1487 4210 1620 4286 lege
1659 4219 1765 4268 tua
1803 4207 2137 4288 penitentes
2164 4211 2178 4269 Ξ

688 4305 944 4386 Corpus,
984 4327 1150 4388 opeS,
1193 4305 1345 4368 vires
1386 4305 1622 4386 sapiens
1661 4326 1790 4368 non
1830 4305 1916 4368 sic
1956 4305 2267 4381 stabilireS,

1339 4418 1434 4467 126
1464 4423 1568 4467 stat
1587 4431 1688 4468 om.
1715 4415 1756 4467 S
