3434 5142
1157 496 1438 561 LIBER
1495 496 1865 561 SEXTUS
2488 518 2611 601 271

572 658 674 717 Ad
715 657 1043 717 thalamum
1085 656 1339 717 Veneris
1380 656 1649 733 pluribus
1689 667 1827 734 apta
1868 657 2022 717 viris.
2481 683 2609 732 1340

574 756 792 815 Mutua
833 774 972 815 cura
1015 756 1169 815 duos
1212 764 1272 815 et
1311 772 1480 815 amor
1520 754 1755 827 socialis
1796 752 2059 815 habebat

572 852 802 929 Nuper,
845 863 904 913 et
946 872 1062 913 vna
1102 864 1304 912 tamen
1347 869 1510 910 nunc
1551 852 1664 912 sibi
1707 852 1976 929 quinque
2018 852 2231 913 trahit:

570 950 654 1008 Vt
695 951 820 1011 duo
861 952 980 1011 sint
1021 968 1199 1011 carne
1239 950 1417 1009 simul
1459 968 1576 1009 vna
1615 950 1709 1009 lex
1751 951 1919 1011 dedit
1960 951 2123 1025 olim,

571 1048 672 1107 Ad
713 1049 912 1108 minus
951 1049 1136 1126 inque
1175 1047 1364 1107 tribus
1405 1064 1569 1105 nunc
1609 1057 1814 1107 manet
1854 1047 2005 1107 ordo
2045 1066 2259 1107 nouus,

571 1144 754 1204 Nunc
795 1144 962 1206 iubet
1003 1147 1131 1223 ipsa
1170 1146 1381 1205 Venus
1423 1152 1485 1204 et
1525 1144 1707 1205 habet
1749 1163 1857 1204 sua
1898 1154 2091 1205 castra
2132 1144 2393 1222 Cupide,

511 1236 789 1319 [Ca-stus
831 1254 891 1303 et
929 1244 1010 1303 ad
1050 1262 1295 1321 presens
1335 1253 1571 1319 tempus
1611 1240 1801 1303 abiuit
1842 1261 2028 1303 amor.

571 1340 718 1400 Ales
758 1338 940 1402 habet
980 1343 1146 1419 quod
1186 1352 1387 1417 amet3
1443 1360 1584 1401 cum
1625 1360 1750 1419 quo
1792 1360 1899 1401 sua
1937 1341 2155 1419 gaudia
2197 1341 2421 1419 iungat,

575 1438 814 1499 Invenit
854 1439 916 1497 in
959 1441 1158 1501 media
1198 1441 1420 1503 femina
1461 1440 1640 1519 piscis
1679 1458 1877 1517 aqua:

573 1536 770 1597 Cerua
808 1556 1012 1614 parem
1053 1538 1334 1615 sequitur,
1378 1556 1620 1617 serpens
1659 1546 1939 1614 serpente
1977 1546 2248 1599 tenetur:

574 1634 822 1695 Femina
863 1637 1068 1713 virque
1109 1637 1284 1697 thoro
1326 1647 1468 1699 sunt
1508 1636 1696 1713 magis
1738 1653 1857 1695 vna
1896 1652 2053 1694 care.
2484 1656 2611 1708 1350

655 1733 846 1806 Heus,
890 1728 989 1793 vbi
1031 1746 1204 1811 pacta
1243 1736 1394 1797 fides
1411 1738 1440 1796 Ρ
1491 1734 1594 1809 vbi
1633 1732 2017 1794 connubialia
2054 1732 2231 1792 iura?

572 1830 904 1906 Responsis
945 1848 1135 1905 care0,
1181 1851 1301 1910 que
1341 1836 1488 1895 serat
1527 1834 1676 1893 alter
1717 1832 1926 1891 homo,

571 1927 785 1987 Ferrea
825 1927 988 1987 frons
1029 1929 1157 1989 laus
1198 1916 1306 2005 es't,
1350 1932 1540 1991 nescit
1581 1948 1700 2009 que
1742 1930 1911 2007 signa
1930 1926 2215 2005 ‚pudoris

571 2024 653 2083 Et
692 2024 888 2101 pudor
927 2043 964 2084 a
1005 2026 1160 2086 vicio
1201 2028 1420 2088 desinit
1461 2046 1593 2089 esse
1633 2028 1867 2104 pudor:

573 2122 774 2197 Quam
817 2122 970 2183 solet
1009 2122 1194 2200 inque
1229 2127 1400 2203 genis
1441 2144 1652 2186 ornare
1689 2124 1873 2185 rubor
1913 2122 2237 2197 muliebris,

571 2216 826 2297 Absque
864 2220 1096 2297 pudore
1135 2223 1298 2283 malo
1337 2224 1473 2301 plus
1517 2224 1656 2283 furit
1699 2223 1830 2299 ipsa
1872 2222 2016 2283 viro.

571 2318 864 2379 Graculus
905 2319 1034 2395 ipsa
1074 2320 1248 2397 quasi
1286 2330 1460 2395 tacet,
1505 2332 1565 2381 et
1603 2321 1777 2397 quasi
1816 2329 1980 2380 casta
2020 2316 2309 2379 columba

572 2416 651 2475 Se
689 2416 854 2492 gerit,
899 2426 960 2476 et
1000 2417 1242 2493 paciens
1285 2428 1377 2497 est
1414 2418 1524 2479 tibi
1565 2418 1737 2495 spina
1774 2436 2023 2479 rosans:

571 2513 656 2571 Vt
695 2514 934 2575 laticem
973 2514 1186 2589 cribro,
1231 2516 1318 2577 sic
1359 2518 1422 2577 in
1465 2516 1710 2577 muliere
1751 2516 2017 2577 recondo

573 2610 924 2686 Consilium,
971 2623 1062 2673 set
1101 2632 1178 2675 eo
1218 2616 1371 2676 scire
1409 2624 1582 2692 potes
1623 2614 1791 2691 quod
1832 2630 1990 2675 amo·
2484 2623 2613 2685 1360

573 2708 738 2768 Dum
784 2710 1019 2771 Iesabel
1059 2723 1265 2789 regnat
1303 2712 1532 2773 blando
1571 2730 1849 2773 sermone
1888 2728 2243 2789 pervngens,

574 2806 698 2882 Qui
737 2806 927 2867 fuerat
970 2809 1169 2883 Iosue‚
1212 2810 1454 2871 vertitur
1493 2810 1594 2869 hic
1634 2811 1696 2869 in
1738 2809 1973 2870 Achab.

575 2904 742 2963 Dum
781 2913 962 2981 caput
1001 2905 1248 2967 inclinat
1287 2906 1472 2979 viciiS,
1514 2906 1628 2967 sibi
1670 2906 1913 2967 subdita
1954 2903 2227 2967 membra

575 2998 988 3061 Succumbunt
1027 3002 1170 3079 ipsis
1211 3003 1270 3063 vi
1309 3002 1406 3063 vel
1447 3020 1649 3064 amore
1688 3003 1901 3064 malis:

577 3099 956 3177 Comptaque
997 3101 1084 3160 sic
1124 3100 1290 3160 viciis
1331 3109 1448 3160 stat
1488 3100 1817 3178 florigerata
1857 3101 2149 3178 voluptas,

573 3196 684 3257 Est
721 3215 966 3275 quoque
1005 3198 1236 3258 virtutis
1275 3198 1388 3258 fios
1429 3196 1587 3274 pede
1627 3196 1763 3257 trita
1804 3195 1960 3259 viris-
