3434 5142
1233 484 1515 549 LIBER
1572 484 1987 551 TERCIUS
2437 455 2441 461 ’
2586 506 2702 571 135

663 641 888 705 Omnia
927 643 1033 705 dat
1073 642 1234 703 licita
1261 642 1517 718 sibimet,
1562 643 1747 705 michi
1788 656 1879 706 set
1919 644 2333 725 prohibenda;

666 742 777 803 Ille
817 738 1086 820 quiescit,
1131 760 1244 819 ego
1285 743 1441 804 sudo
1480 742 1686 805 labore
1728 761 1882 804 mee.

665 838 764 900 Sic
805 838 917 899 iter
953 858 1027 899 ex
1067 837 1236 900 factis
1278 838 1444 900 viciis
1483 839 1694 918 prebet
1732 840 2038 916 faciendiS,

665 936 867 997 Verba
907 946 998 997 set
1038 946 1282 997 econtra
1321 936 1484 999 dicet
1523 937 1588 997 in
1627 956 1771 999 aure
1810 948 1949 1000 tua:

671 1032 839 1094 Hinc
880 1032 1050 1112 plebs
1090 1034 1345 1095 attonita
1384 1033 1637 1109 dubitat,
1681 1033 1733 1096 si
1772 1038 2013 1098 credere
2055 1036 2247 1112 dictis,

665 1133 764 1191 An
795 1130 946 1192 cleri
986 1130 1156 1191 factis
1196 1132 1416 1193 debeat
1453 1130 1584 1211 ipsa
1623 1131 1802 1212 prius,
2526 1214 2535 1223 ᾳ
2576 1158 2705 1209 1040

665 1230 770 1290 Set
808 1227 1134 1308 prohibens
1175 1228 1361 1289 michi
1401 1249 1548 1305 rem,
1587 1232 1737 1292 dum
1778 1230 1855 1291 sit
1894 1232 2229 1309 culpandus
2269 1234 2500 1307 eadem,

665 1326 782 1386 Vix
821 1327 1004 1388 credo
1043 1327 1240 1401 verba,
1285 1337 1426 1388 sunt
1465 1326 1608 1404 quia
1645 1328 1803 1389 facta
1842 1347 1977 1389 rea:

664 1426 901 1486 Tollere
941 1423 1147 1503 sicque
1185 1444 1382 1486 nouos
1423 1426 1502 1486 de
1540 1427 1701 1486 clero
1741 1445 1923 1487 cerno
1962 1426 2268 1505 superbos,

666 1524 778 1584 Per
815 1532 1042 1583 veteres
1081 1521 1340 1583 humiles
1380 1523 1548 1602 quod
1588 1522 1790 1585 dedit
1828 1523 1961 1603 ipsa
1999 1526 2165 1586 fides·

743 1618 1088 1698 Precipiunt
1126 1619 1224 1680 isti
1266 1620 1565 1680 maxillam
1606 1620 1971 1699 percucienti

662 1717 948 1791 Subdere,
992 1716 1079 1778 sic
1119 1726 1184 1777 vt
1222 1737 1298 1779 eo
1339 1728 1456 1779 stet
1494 1717 1799 1797 pacienter
1838 1719 2064 1781 homo:

661 1812 940 1875 Intuleris
979 1824 1070 1875 set
1111 1814 1197 1875 eis
1238 1813 1290 1876 si
1330 1814 1478 1894 quid
1517 1835 1714 1893 graue,
1759 1834 1901 1877 mox
1943 1815 2051 1877 tibi
2092 1815 2298 1878 mortis

661 1910 945 1975 Censuris
984 1911 1186 1973 anime
1225 1913 1373 1973 dant
1413 1912 1733 1974 maledicta
1772 1924 1889 1974 tue.

663 2008 788 2087 Qui
828 2020 1005 2071 neoet
1043 2008 1144 2070 hic
1183 2010 1448 2071 animam
1489 2011 1605 2071 sub
1645 2031 1803 2089 pena
1842 2010 2066 2086 mortiS,
2110 2013 2340 2087 eadem,

663 2106 728 2168 Si
767 2118 988 2186 posset,
1030 2126 1248 2187 corpus
1289 2110 1563 2187 perderet
1602 2108 1733 2188 ipse
1772 2108 1951 2187 prius,
2572 2132 2703 2186 1050

664 2204 763 2265 Sic
803 2204 991 2283 magis
1031 2204 1161 2283 ipse
1199 2207 1346 2285 lupo
1385 2207 1497 2267 fert
1536 2216 1740 2284 pastor
1778 2208 2043 2284 dampna
2080 2206 2343 2286 maligno

664 2303 740 2362 In
780 2300 1107 2381 iugulando
1146 2322 1302 2376 suaS,
1346 2322 1496 2381 quas
1539 2302 1879 2378 medicaret,
1922 2322 2085 2364 oues,

619 2438 624 2441 -
665 2398 774 2459 Hii
813 2410 1049 2478 gestant
1089 2400 1202 2461 celi
1241 2402 1457 2475 claueS‚
1501 2400 1723 2461 intran‘t
1762 2420 1876 2461 nec
1917 2412 1978 2462 et
2018 2400 2147 2480 ipsi,

662 2499 794 2558 Nos
834 2516 948 2559 nec
988 2496 1136 2559 inire
1175 2498 1396 2573 sinunt,
1440 2518 1594 2577 quos
1635 2498 1763 2559 sine
1803 2500 1933 2577 lege
1973 2510 2217 2577 regunt:

664 2597 723 2656 N
727 2614 797 2656 ec
837 2594 1046 2674 populi
1087 2606 1318 2657 mentes
1356 2595 1630 2657 doctrine
1670 2616 1911 2657 vomere
1950 2599 2200 2672 sulcant,

663 2695 722 2754 N
726 2714 796 2755 ec
836 2693 1063 2754 faciunt
1101 2692 1297 2772 operis
1337 2692 1399 2754 id
1441 2695 1610 2772 quod
1650 2704 1887 2772 oportet
1926 2714 2095 2773 opuS.

664 2791 765 2852 Ad
806 2792 1072 2852 dextram
1116 2790 1296 2853 Cristi
1335 2792 1556 2851 vellent
1595 2790 1855 2853 residere
1895 2791 2073 2866 beati,

667 2888 771 2948 Set
809 2888 1039 2947 nollent
1077 2887 1328 2949 calicem
1369 2907 1620 2962 sumere,
1666 2887 1878 2962 Criste,
1923 2898 2105 2949 mam.

666 2984 777 3045 Hii
815 2984 1136 3063 piscatores
1176 2987 1377 3046 laxant
1413 3005 1523 3046 sua
1563 2984 1721 3047 recia
1759 2985 1953 3061 lucriS,

664 3085 748 3143 Vt
787 3082 1026 3161 capiant
1067 3084 1381 3158 mundum,
1425 3102 1549 3144 non
1590 3082 1907 3146 animabus
1947 3102 2144 3162 opem.
2574 3094 2705 3146 1060

663 3180 763 3241 Sic
803 3182 958 3241 male
997 3180 1267 3241 viuentes
1307 3180 1472 3241 laicis
1512 3183 1786 3259 exempla
1825 3179 2174 3256 ministrant,

665 3277 790 3355 Qui
829 3280 991 3339 velut
1031 3277 1302 3339 instructi
1341 3297 1509 3339 more
1549 3288 1837 3357 sequntur
1876 3298 2018 3340 eos:

663 3374 763 3437 Sic
803 3375 936 3436 ouis
978 3395 1052 3437 ex
1090 3375 1340 3436 maculis
1381 3375 1633 3454 pastoris
1673 3377 1743 3437 fit
1785 3378 2103 3452 maculosa,

667 3475 746 3535 Et
785 3473 948 3536 cadit
987 3474 1052 3534 in
1091 3476 1332 3535 foueam
1372 3494 1552 3536 cecus
1591 3486 1840 3553 vterque
1880 3474 2073 3536 simul.

572 3665 693 3723 Hic
727 3666 1003 3736 loquitur
1039 3668 1317 3736 qualiter
1349 3667 1634 3738 prelatus
1656 3682 1789 3723 non
1812 3668 2015 3721 solum
2045 3666 2339 3723 doctrina
2371 3670 2471 3724 set
2504 3667 2704 3724 eciam

501 3754 688 3811 bonis
713 3755 962 3811 actibus
984 3755 1211 3825 populo
1247 3754 1372 3810 sibi
1394 3755 1735 3811 commisso
1758 3754 1968 3810 lucere
1993 3754 2265 3811 deberet.

275 3876 472 3955 Capm.
503 3874 620 3936 xiii.

748 3877 824 3936 In
863 3874 1125 3937 tenebris
1165 3896 1416 3954 pergens
1455 3875 1648 3937 nescit
1687 3894 1813 3953 quo
1852 3876 2048 3949 vadat,
2091 3886 2155 3935 vt
2194 3875 2295 3936 ille

665 3972 788 4050 Qui
831 3992 956 4033 non
997 3972 1280 4035 discernit
1319 3993 1440 4052 que
1479 3972 1555 4033 sit
1595 3973 1878 4034 habenda
1916 3970 2012 4032 via
2034 3994 2053 4047 3

664 4070 945 4148 Cumque
985 4081 1145 4131 oeret
1185 4072 1443 4149 populus
1483 4068 1773 4143 doctrina,
1817 4088 1930 4129 nec
1970 4068 2135 4130 videt
2175 4067 2371 4147 ipsum

665 4166 791 4244 Qui
829 4186 973 4228 suus
1013 4178 1105 4229 est
1145 4169 1343 4246 presul
1383 4166 1510 4228 iura
1549 4179 1753 4228 tenere
1791 4165 1908 4240 dei,

664 4265 824 4327 Cum
865 4284 1064 4343 neque
1105 4264 1324 4343 scripta
1363 4266 1560 4339 docet,
1603 4282 1802 4342 neque
1843 4265 1999 4324 facta
2038 4263 2180 4325 facit
2218 4262 2471 4345 pietatiS,

665 4362 866 4423 Immo
907 4362 1002 4423 sui
1040 4361 1180 4423 vicii
1220 4362 1426 4424 dedita
1465 4364 1644 4441 culpa
1682 4372 1864 4440 patet,
2576 4384 2705 4437 1070

665 4459 825 4521 Cum
866 4460 946 4522 de
985 4470 1166 4521 nocte
1207 4479 1317 4522 sua
1356 4470 1559 4538 pereat
1598 4458 1729 4520 sine
1768 4460 1904 4521 luce
1944 4460 2200 4533 lucerna,
