3434 5142
1495 394 1694 460 VOX
1755 395 2298 463 CLAMANTIS

956 555 1351 621 Concordans
1391 555 1507 634 legi
1550 557 1855 634 mixtaque
1895 557 2021 620 iure
2059 556 2182 622 dei.
2829 571 2838 580 ·
2903 580 3012 634 590

954 654 1187 731 Legum
1226 653 1393 718 frena
1434 664 1645 714 tenens
1686 653 1859 716 freno
1899 663 1963 716 te
2003 653 2222 718 sorcius
2263 672 2438 730 arce3

958 750 1126 811 Dum
1168 750 1399 815 nullum
1441 750 1676 824 metuis,
1723 751 1805 814 sis
1845 761 2042 816 metus
2087 752 2215 830 ipse
2255 751 2408 816 tibi:

958 849 1239 927 Namque
1280 850 1475 925 timor,
1517 851 1701 912 virtus
1743 849 2004 925 humilis,
2049 849 2198 926 fugit
2237 867 2422 916 omne
2461 851 2806 929 superbum,

960 948 1043 1008 Et
1083 948 1253 1026 quasi
1293 949 1575 1014 virtutum
1616 949 1876 1026 clauiger
1913 966 2046 1010 esse
2085 949 2258 1014 solet.

960 1047 1069 1106 Est
1109 1045 1238 1115 tibi.
1280 1063 1397 1120 rex,
1430 1045 1657 1108 melius
1699 1045 1870 1128 quod
1909 1056 1970 1108 te
2009 1045 2090 1110 de
2129 1045 2263 1123 lege
2301 1043 2618 1122 gubernes,

961 1139 1233 1208 Subdere
1274 1159 1455 1220 quam
1498 1143 1709 1208 mundi
1751 1143 1984 1222 singula
2027 1161 2209 1220 regna
2250 1143 2398 1212 tibi:

962 1240 1074 1301 Est
1114 1251 1355 1319 propter
1394 1241 1691 1302 mundum
1733 1240 1842 1302 tibi
1883 1239 2124 1304 subdita
2165 1259 2293 1304 sors
2332 1241 2602 1316 aliorum,

958 1339 1057 1398 Tu
1097 1349 1341 1417 propter
1379 1338 1579 1398 celum
1620 1336 1899 1398 subditus
1939 1348 2071 1398 esto
2111 1339 2248 1400 deo.

960 1436 1044 1497 Vt
1085 1436 1195 1496 tibi
1236 1436 1497 1498 deseruit
1539 1437 1800 1516 populus
1840 1436 1920 1496 de
1961 1435 2093 1517 lege
2133 1435 2438 1518 subactus,

962 1533 1145 1599 eristi
1185 1533 1450 1596 seruiciis
1490 1543 1677 1598 temet
1716 1533 1798 1596 ad
1838 1533 2024 1598 instar
2062 1532 2258 1600 habe:
2911 1543 3014 1596 600

962 1632 1222 1694 Vincere
1264 1642 1325 1694 te
1366 1631 1625 1706 studeas,
1668 1631 1820 1694 alios
1861 1633 1966 1712 qui
2007 1633 2213 1708 vincis,
2255 1643 2320 1700 et
2359 1651 2576 1696 omnes

968 1730 1263 1794 Excessus
1304 1729 1489 1792 animi
1532 1727 1790 1791 subdere
1829 1729 1997 1793 disce
2037 1731 2161 1795 tui:

969 1828 1309 1893 Iustificans
1350 1826 1499 1888 alios
1538 1827 1747 1904 cupias
1789 1836 1850 1888 te
1890 1828 2226 1902 imtifimre,

969 1928 1230 2004 luraque
1268 1926 1423 1988 dans
1463 1924 1641 2002 plebi,
1686 1925 1798 1986 des
1839 1925 1922 1984 ita
1963 1926 2090 1986 iura
2129 1925 2258 1987 tibi.

1052 2024 1177 2100 Qui
1218 2041 1462 2102 superas
1502 2024 1668 2098 alios,
1712 2033 1901 2084 temet
1942 2041 2220 2105 superare
2261 2025 2503 2102 labora3

971 2123 1034 2184 Si
1074 2141 1177 2184 rex
1217 2139 1351 2182 esse
1392 2121 1555 2195 veliS,
1598 2129 1661 2182 te
1700 2139 1856 2200 rege,
1900 2141 2002 2182 rex
2043 2133 2104 2183 et
2145 2123 2276 2182 eris,
3397 2137 3402 2266 1

970 2221 1111 2297 Qua
1150 2221 1277 2280 fore
1318 2237 1385 2280 se
1425 2237 1625 2298 regem
1665 2220 1885 2296 poterit
1925 2219 2166 2280 racione
2208 2219 2392 2295 fateri,

972 2317 1200 2378 Mentis
1240 2317 1345 2396 qui
1386 2316 1621 2394 proprie
1662 2334 1787 2376 non
1828 2317 1980 2396 regit
2017 2327 2152 2378 acta
2193 2337 2299 2378 sue
2315 2319 2344 2378 Ρ
3401 2273 3404 2364 7

973 2414 1034 2475 N
1036 2433 1119 2475 on
1158 2414 1315 2474 valet
1356 2413 1473 2473 hoc
1514 2413 1777 2490 regimen
1818 2415 1948 2474 aliis
1989 2415 2259 2476 conferre
2299 2417 2569 2490 salutem,
3403 2405 3405 2470 l

974 2514 1143 2573 Dum
1182 2511 1297 2572 sibi
1338 2529 1463 2571 non
1504 2511 1682 2571 fuerit
1721 2523 1929 2586 rector,
1973 2523 2036 2574 vt
2077 2531 2209 2574 esse
2249 2514 2439 2575 decet.
2917 2523 3020 2574 610
3405 2536 3407 2604 χ

974 2611 1141 2670 Dum
1183 2609 1293 2669 tibi
1332 2619 1552 2669 cuncta
1593 2609 1792 2683 licent,
1836 2629 1916 2671 ne
1956 2630 2170 2688 queras
2210 2625 2428 2674 cuncta
2467 2613 2662 2686 licere,

976 2709 1103 2770 Res
1144 2707 1365 2768 etenim
1407 2706 1568 2766 licite
1610 2707 1789 2766 noxia
1831 2725 1974 2786 sepe
2015 2709 2250 2771 serunt:

974 2806 1073 2865 Tu
1114 2822 1292 2880 super
1332 2822 1397 2865 es
1439 2803 1581 2878 iura,
1626 2804 1816 2864 iustus
1857 2816 1947 2865 set
1988 2806 2125 2866 viue
2165 2805 2278 2868 sub
2319 2808 2450 2883 iuis,

977 2903 1249 2980 Spesque
1288 2902 1377 2962 tui
1418 2900 1595 2962 nobis
1634 2919 1817 2962 causa
1857 2903 2062 2964 salutis
2102 2905 2228 2966 erit.

977 3000 1089 3062 Est
1129 3018 1289 3061 mors
1330 3000 1416 3060 ira
1454 3009 1572 3074 tua,
1618 3009 1790 3076 potes
1831 3000 1896 3061 id
1936 3001 2104 3079 quod
2144 3020 2269 3063 non
2309 3003 2464 3078 licet,
2508 3013 2570 3065 et
2609 3013 2670 3064 te

981 3099 1232 3160 Prestita
1270 3107 1410 3158 vota
1448 3108 1651 3158 tamen
1693 3099 1916 3160 ducere
1957 3099 2098 3160 iuris
2137 3087 2399 3164 habent:

979 3196 1167 3272 Quod
1206 3196 1346 3256 licet
1386 3195 1551 3255 illesa
1591 3197 1812 3256 mentis
1853 3197 2164 3275 precordia
2204 3207 2418 3275 seruat,

980 3294 1182 3357 Omne
1222 3303 1425 3354 tamen
1466 3293 1698 3353 licitum
1741 3313 1864 3354 non
1905 3293 2120 3372 probat
2161 3313 2293 3356 esse
2333 3296 2627 3374 probum:

982 3393 1167 3468 Quod
1207 3391 1347 3452 licet
1386 3401 1477 3451 est
1519 3400 1732 3466 tutum,
1777 3403 1867 3453 set
1908 3411 2029 3470 que
2069 3404 2242 3474 potes
2283 3395 2382 3458 illa
2421 3394 2538 3460 sub
2575 3405 2705 3460 arto

982 3491 1235 3551 Discute
1275 3488 1502 3550 iudicio
1543 3490 1727 3550 fultus
1768 3491 1998 3552 honore
2039 3501 2162 3554 tuo,
2923 3501 3024 3551 620

982 3589 1204 3650 Micius
1243 3597 1378 3647 acta
1418 3605 1602 3664 regaS,
1646 3588 1815 3650 aliter
1853 3589 1969 3648 nisi
2009 3607 2190 3652 causa
2229 3589 2490 3668 requirat
2505 3611 2524 3670 ;

980 3685 1286 3762 Asperitas
1324 3683 1537 3744 odium
1578 3701 1842 3762 seuaque
1883 3685 2042 3747 bella
2083 3697 2306 3750 mouet.

870 3826 883 3838 .
984 3783 1129 3844 Non
1170 3791 1231 3842 te
1270 3791 1563 3860 pretereat
1602 3781 1810 3860 populi
1852 3783 2092 3846 fortuna
2131 3784 2394 3862 potentis

958 3875 1251 3954 ¹Publica,
1296 3891 1385 3966 set
1427 3878 1664 3957 sapiens
1704 3879 1845 3940 talia
1886 3880 2006 3941 sata
2045 3899 2215 3954 qaue.

983 3978 1125 4037 Vita
1164 3976 1493 4038 Pharaonis
1534 3987 1595 4039 et
1634 3987 1802 4056 gesta
1843 3978 2102 4058 maligna
2143 3980 2423 4056 Neronis,

987 4076 1126 4152 Que
1166 4077 1324 4136 iusto
1364 4076 1487 4156 regi
1526 4086 1665 4138 sunt
1704 4076 1989 4154 fugienda
2029 4077 2267 4142 docent.

1067 4173 1124 4236 Ο
1167 4171 1329 4233 bone
1369 4193 1469 4234 rex
1510 4173 1760 4250 iuuenis,
1806 4175 1899 4235 fac
1940 4176 2106 4252 quod
2145 4173 2416 4238 bonitate
2455 4176 2736 4239 iuuentus

986 4269 1075 4332 Sit
1114 4281 1219 4332 tua
1257 4271 1561 4348 morigeris
1602 4272 1808 4333 dedita
1849 4273 1958 4333 rite
1999 4273 2212 4336 modIs.

1338 4443 1345 4454 ,
1383 4387 1482 4450 613
1516 4402 1674 4452 super
1694 4402 1756 4440 ω
1777 4387 1966 4442 SGDL
2031 4403 2250 4453 superes
2270 4387 2465 4442 cem·
