3434 5142
1502 436 1703 501 VOX
1761 435 2304 503 CLAMANTIS

961 599 1141 659 Peius
1182 609 1243 660 vt
1284 594 1540 676 effugiat,
1582 597 1837 661 sustinet
1877 596 2006 674 ipsa
2047 596 2290 657 malum.
2877 591 3005 670 1445

960 696 1213 776 Absque
1252 696 1568 774 supercilio
1607 694 1791 755 michi
1835 694 2012 755 nubis
2053 694 2168 755 sub
2207 704 2557 773 tegumento

962 796 1197 874 Copula
1237 814 1379 855 cum
1419 794 1575 855 soliis
1615 792 1854 870 prebuit
1893 792 2080 853 herba
2119 793 2378 853 thorum.

962 894 1024 955 Si
1066 894 1253 971 potui,
1298 892 1459 952 volui
1500 891 1617 952 sub
1658 892 1876 953 eodem
1917 892 2139 953 cortice
2175 890 2379 965 condi,

963 992 1145 1053 Nulla
1184 990 1529 1068 superficies
1568 1001 1714 1050 tunc
1756 989 1897 1067 quia
1937 999 2066 1049 tuta
2105 989 2252 1065 suit3

964 1092 1197 1167 Perque
1236 1090 1368 1149 dies
1408 1088 1637 1166 aliquot
1676 1087 1930 1162 latitans,
1973 1105 2340 1165 omnemque
2379 1098 2744 1149 tremescens

962 1188 1062 1249 Ad
1104 1188 1433 1266 strepitum,
1476 1186 1600 1264 fugi
1640 1186 1768 1247 visa
1805 1186 2026 1263 pen'cla
2065 1204 2306 1247 canens,

962 1282 1203 1343 Glande
1241 1282 1459 1341 famem
1503 1280 1734 1357 pellens
1774 1280 1958 1339 mixta
1997 1298 2243 1357 quoque
2282 1278 2595 1341 frondibus
2635 1279 2822 1343 herba

961 1380 1199 1456 Corpus
1238 1397 1353 1457 ego
1394 1378 1529 1452 texi,
1576 1396 1689 1437 nec
1732 1395 1946 1437 manus
1989 1396 2106 1437 vna
2145 1389 2387 1439 mouet:

963 1481 1125 1543 Cura
1164 1479 1337 1539 dolor
1376 1478 1563 1538 menti
1605 1477 1812 1551 suerat,
1857 1476 2220 1555 lacrimeque
2259 1478 2518 1555 rigantes

964 1578 1038 1637 In
1080 1578 1274 1637 fundo
1314 1576 1605 1637 stomachi
1647 1585 1787 1637 sunt
1827 1575 2114 1635 alimenta
2151 1576 2342 1653 quasi.
2875 1600 3005 1652 1450

961 1678 1139 1735 Tunc
1178 1673 1351 1735 cibus
1391 1672 1577 1733 herba
1618 1673 1746 1747 fuit,
1789 1683 1936 1733 tunc
1975 1672 2110 1735 latis
2147 1692 2382 1735 currere
2421 1674 2588 1735 siluis

962 1775 1237 1851 Impetus
1276 1782 1385 1846 est,
1428 1780 1619 1831 castra
1660 1781 1806 1831 tunc
1847 1769 1990 1849 quia
2028 1772 2192 1831 nulla
2233 1772 2479 1835 iuuant:

964 1872 1129 1933 Rore
1168 1889 1309 1931 meo
1349 1868 1728 1947 lacrimisque
1768 1870 1919 1929 meis
1961 1869 2181 1930 ieiunia
2221 1870 2380 1947 paui,

966 1970 1104 2032 Fert
1142 1969 1287 2031 satis
1325 1968 1405 2029 ad
1449 1967 1670 2028 victum
1714 1968 1924 2045 langor
1963 1968 2025 2027 in
2067 1985 2171 2027 ore
2213 1986 2433 2029 meum.

1047 2069 1224 2129 Plura
1264 2067 1479 2127 dolens
1519 2066 1689 2125 timui
1731 2076 1878 2125 tunc
1918 2066 2218 2143 temporis
2263 2077 2324 2127 et
2363 2084 2544 2144 super
2582 2084 2766 2129 omne

966 2166 1065 2228 Ira
1105 2166 1205 2226 dei
1246 2164 1447 2242 magni
1488 2182 1671 2223 causa
1710 2164 1939 2224 timon‘s
1979 2175 2140 2224 erat:

963 2264 1181 2325 Tristis
1220 2282 1401 2335 eram,
1445 2262 1589 2339 quia
1628 2264 1809 2337 solus,
1853 2280 2038 2340 egens
2076 2262 2385 2337 solamine,
2427 2280 2612 2342 cogor

964 2364 1143 2422 Tunc
1184 2362 1373 2439 magis
1414 2361 1646 2437 ignotas
1688 2371 1752 2421 vt
1792 2379 1976 2439 vagus
2017 2361 2102 2423 ire
2142 2362 2307 2422 vias:

964 2462 1066 2521 Sic
1104 2460 1240 2520 loca
1280 2468 1541 2537 secretos
1579 2467 1804 2535 augent
1844 2468 2074 2521 secreta
2113 2459 2368 2533 dolores,

962 2559 1047 2619 Vt
1088 2558 1313 2619 releuet
1354 2558 1548 2617 luctus
1590 2558 1846 2635 quisque
1885 2558 2110 2619 sodalis
2149 2557 2357 2621 abest:
2881 2565 3008 2629 1460

967 2656 1106 2718 Fert
1144 2666 1366 2729 tamen,
1411 2665 1474 2715 vt
1512 2674 1758 2732 possum
1801 2654 2028 2716 mestos
2067 2656 2422 2733 depromere
2461 2656 2677 2730 vultus,

963 2755 1141 2817 Solus
1182 2752 1243 2814 in
1286 2752 1462 2831 exilio
1500 2753 1720 2831 gaudia
1761 2771 1978 2831 magna
2017 2752 2209 2814 dolor.

964 2854 1066 2915 Sic
1104 2852 1347 2912 lacrime
1387 2851 1662 2925 lacrimiS,
1704 2850 1794 2911 sic
1834 2850 2030 2913 luctus
2072 2848 2332 2913 luctibus
2369 2862 2596 2925 assunt,

968 2952 1133 3011 Dum
1176 2968 1406 3027 queror,
1450 2958 1512 3009 et
1553 2967 1679 3008 non
1718 2957 1814 3009 est
1853 2949 1960 3026 qui
2001 2950 2376 3010 medicamen
2413 2959 2587 3027 agat3

968 3047 1319 3110 Pectoribus
1358 3047 1722 3123 lacrimeque
1759 3047 1930 3123 genis
1973 3044 2254 3109 labuntur
2291 3044 2518 3123 aborte,

968 3148 1135 3207 Dum
1176 3144 1365 3205 fuerat
1405 3145 1509 3205 fati
1550 3162 1687 3221 spes
1729 3144 1974 3205 inimioe
2013 3144 2215 3205 michi.

968 3245 1119 3305 Fine
1156 3252 1362 3302 mrent
1401 3242 1659 3315 lacrime‚
1705 3242 1822 3301 nisi
1860 3260 2002 3303 cum
2044 3252 2252 3319 stupor
2290 3240 2521 3305 obstitit
2561 3243 2693 3314 iuis,

966 3346 1091 3404 Aut
1129 3340 1339 3402 similis
1380 3340 1555 3400 mo‘rti
1598 3352 1842 3418 pectora
1882 3352 2086 3419 torpor
2126 3339 2344 3403 habet:

965 3443 1144 3501 Tunc
1184 3438 1399 3517 pariter
1440 3438 1712 3499 lacrimas
1754 3456 2086 3517 vocemque
2129 3440 2418 3501 introrsus
2455 3438 2714 3514 abertas,

969 3538 1203 3599 Extasis
1243 3536 1521 3614 exemplo
1559 3538 1904 3615 comprimit
1943 3537 2074 3613 ipse
2113 3548 2326 3597 metus·
2856 3555 3010 3611 ,1470

969 3635 1222 3697 Brachia
1265 3636 1495 3713 porrexi
1538 3635 1796 3695 tendens
1835 3635 1915 3695 ad
1956 3634 2184 3698 lumina
2223 3635 2384 3709 soli&

970 3735 1067 3807 Et,
1110 3732 1277 3810 quod
1317 3732 1519 3810 lingua
1561 3733 1770 3810 nequit
1810 3751 2100 3810 promere,
2145 3733 2314 3811 signa
2342 3733 2579 3809 ferunt3

967 3832 1249 3908 Cumque
1290 3831 1450 3891 serus
1490 3829 1762 3891 lacrimas
1801 3831 1988 3891 animi
2029 3831 2355 3895 siooeuerat
2391 3832 2586 3906 ardor,

966 3930 1273 4007 Singultus
1312 3928 1569 4005 reliquas
1608 3930 1828 3989 clamat
1867 3928 2088 3991 habere
2127 3930 2306 3993 vices.
2449 3944 2455 3951 “

969 4026 1289 4088 Pallidiora
1325 4044 1539 4104 gerens
1578 4028 1881 4089 exhorruit
1921 4028 2162 4105 equoris
2203 4028 2388 4089 instar

972 4124 1168 4185 Multa
1208 4141 1315 4200 per
1356 4124 1599 4184 interius
1640 4142 1814 4185 mens
1855 4126 2072 4203 agitata
2113 4125 2324 4201 malis;

970 4222 1249 4281 Discolor
1290 4222 1350 4280 in
1396 4221 1545 4282 facie
1586 4223 1810 4285 macies
1851 4233 2285 4285 monstrauerat
2325 4233 2506 4297 extra,

968 4320 1110 4395 Que
1150 4318 1338 4396 magis
1378 4316 1625 4381 obtruse
1664 4320 1884 4381 mentis
1921 4321 2004 4382 ad
2043 4340 2180 4400 yma
2221 4321 2446 4383 latent:

1062 4432 1185 4494 1461
1221 4445 1433 4495 possum
1458 4430 1606 4481 SHD
1670 4434 1866 4497 poesim
1889 4434 1980 4485 ΟΕ
2183 4448 2309 4497 1477
2343 4440 2698 4484 monstauerat
2717 4430 2758 4485 S
