3434 5142
808 438 892 519 36

1507 434 1704 501 VOX
1760 432 2147 502 CLAMAN
2152 429 2304 499 TIS

976 594 1088 656 Illa
1128 611 1242 656 nec
1282 594 1395 656 hos
1434 593 1628 656 rabies
1668 595 1758 655 sic
1795 594 2003 655 terruit
2042 590 2491 667 Accharonitas,

976 694 1119 754 Hoc
1160 711 1359 770 neque
1398 693 1662 753 vindicta
1702 692 2147 770 tempore-talis
2187 702 2330 765 erat,

976 792 1144 869 Quin
1184 791 1347 852 furor
1386 808 1457 851 ex
1500 791 1628 851 istis
1667 808 1790 868 que
1827 790 1949 851 vidi
1991 790 2182 851 lurida
2223 790 2524 862 monstris,

977 889 1121 951 Plus
1160 898 1366 967 grauat
1404 899 1464 951 et
1504 890 1670 950 ciues
1710 898 1889 950 terret
1929 886 2154 966 vbique
2194 888 2399 966 magis.

880 1104 999 1161 Hic
1037 1106 1195 1161 dicit
1240 1120 1311 1161 ιο
1356 1118 1472 1173 per
1518 1104 1874 1174 sompnium
1915 1107 2166 1160 sextam
2203 1104 2384 1171 vulgi
2423 1104 2698 1158 turmam
2749 1103 2816 1158 in
2864 1118 3018 1159 aues

806 1192 1193 1248 domesticu
1237 1192 1481 1248 vidisse
1525 1195 1858 1260 mutam,
1907 1192 2135 1261 quibus
2177 1190 2336 1247 dicit
2379 1192 2544 1260 quod
2593 1192 2896 1259 bubones,
2955 1192 3020 1244 id

808 1282 912 1336 est
933 1280 1261 1349 predones,
1288 1280 1609 1336 commixti
1632 1280 2134 1336 modebmtur.

606 1404 803 1481 Cap-n.
836 1403 932 1463 vii.

1063 1404 1187 1464 Res
1228 1402 1411 1463 michi
1452 1402 1601 1462 mira
1640 1402 1769 1476 fuit,
1813 1402 1962 1462 dum
2001 1400 2143 1461 talia
2181 1398 2640 1478 prospiciebam,

979 1502 1061 1563 Et
1099 1511 1309 1580 stupor
1348 1502 1410 1561 in
1452 1509 1655 1564 mente
1696 1500 1896 1561 cordis
1935 1498 2016 1560 ad
2057 1517 2195 1577 yma
2235 1498 2368 1558 ruit.

975 1599 1118 1660 Non
1159 1610 1285 1660 erat
1324 1617 1397 1660 ex
1436 1596 1627 1659 brutis
1666 1597 1889 1659 animal
1930 1598 2340 1676 quodcunque
2380 1604 2662 1667 creatum,

975 1697 1161 1773 Quod
1201 1698 1281 1757 de
1321 1696 1520 1757 seruili
1560 1696 1924 1757 condicione
1962 1695 2089 1770 fuit,

976 1795 1140 1870 Quin
1182 1812 1370 1873 genus
1410 1795 1473 1854 in
1514 1794 1742 1870 campis
1783 1793 1906 1853 vidi
1949 1792 2029 1854 de
2068 1790 2290 1853 talibus
2328 1806 2528 1863 omne,

978 1893 1289 1970 Mixtaque
1328 1892 1415 1952 sic
1456 1892 1671 1970 pariter
1710 1899 1853 1952 sunt
1892 1890 2218 1951 metuenda
2259 1888 2467 1965 magis,
2921 1908 3022 1960 510

975 1992 1089 2052 Per
1128 1992 1281 2069 iuga,
1326 2009 1433 2069 per
1470 1990 1671 2064 colles,
1716 2008 1824 2068 per
1861 1988 2042 2051 deuia
2081 2006 2323 2066 queque
2362 1987 2632 2048 locorum

976 2090 1246 2166 Diruptis
1287 2086 1535 2149 stabulis
1576 2088 1829 2149 soluitur
1866 2104 2052 2148 omne
2092 2104 2314 2163 pecus:

975 2186 1069 2245 Ex
1108 2185 1275 2246 omni
1316 2202 1533 2262 genere
1574 2186 1738 2247 venit
1776 2184 1977 2245 incola
2015 2181 2372 2255 rusticitatis,

978 2284 1175 2343 Maior
1214 2293 1275 2345 et
1308 2293 1399 2344 est
1438 2283 1639 2345 subito
1679 2301 1864 2361 quam
1906 2300 2075 2360 seges
2115 2292 2245 2342 orta
2285 2279 2436 2341 solo.

976 2380 1157 2441 Nunc
1197 2380 1317 2440 huc
1356 2396 1521 2442 nunc
1562 2380 1701 2440 illuc
1741 2379 2008 2457 trepidus
2048 2378 2196 2439 dum
2237 2377 2466 2438 lumina
2505 2376 2683 2448 volui,

978 2478 1345 2557 Aspiciendo
1385 2478 1509 2538 suis
1550 2477 1783 2555 singula
1824 2488 2093 2537 monstra
2135 2476 2302 2550 lociS‚

975 2576 1164 2638 Affuit
1204 2594 1282 2637 en
1321 2576 1525 2637 auium
1566 2584 1794 2635 mutata
1833 2574 2165 2637 domestica
2203 2572 2395 2645 turba,

976 2676 1253 2751 Quorum
1293 2674 1573 2735 ductores
1612 2673 1802 2751 gallus
1844 2684 1906 2734 et
1944 2690 2126 2733 ancer
2164 2680 2350 2734 erant.
2464 2742 2468 2746 ,

977 2772 1101 2847 Qui
1143 2772 1402 2833 residere
1441 2773 1609 2832 domi
1651 2791 1772 2851 que
1815 2772 2024 2831 fimum
2053 2770 2296 2860 ³calcare
2335 2766 2636 2847 solebant,

978 2873 1335 2933 Presumunt
1375 2870 1575 2949 aquile
1614 2888 1852 2931 sumere
1891 2870 2019 2929 iura
2059 2868 2210 2929 sibi:
2917 2886 3022 2939 520

976 2968 1253 3029 Falconis
1292 2978 1549 3029 rostrum
1590 2968 1786 3045 rapuit
1826 2966 1940 3027 sibi
1983 2968 2172 3045 gallus
2212 2975 2274 3027 et
2313 2982 2556 3044 vngues,

976 3068 1177 3127 Ancer
1217 3076 1278 3128 et
1320 3083 1393 3126 ex
1431 3066 1540 3126 alis
1582 3065 1780 3127 sidera
1821 3074 1980 3125 tacta
2019 3065 2222 3141 cupit:

977 3165 1058 3225 Et
1098 3163 1185 3223 sic
1224 3164 1305 3224 de
1347 3162 1533 3242 bassis
1574 3162 1978 3223 succumbunt
2016 3162 2154 3235 alta,
2196 3179 2316 3239 que
2357 3178 2493 3220 cara

977 3260 1215 3323 Vilibus
1256 3280 1330 3322 ex
1366 3260 1564 3323 causis
1604 3262 1780 3324 exule
1820 3262 1951 3339 lege
1991 3260 2252 3321 endunt:

980 3360 1139 3421 Nam
1179 3377 1303 3437 quo
1344 3378 1467 3420 non
1511 3369 1786 3437 poterant
1825 3358 2106 3421 animalia
2145 3358 2327 3437 figere
2366 3374 2618 3436 gressus¹

976 3460 1062 3519 Vt
1101 3458 1316 3535 predas
1356 3458 1614 3535 capiant,
1659 3456 1762 3516 hii
1803 3475 2022 3534 super
2061 3474 2245 3517 omne
2283 3455 2506 3516 volant.

1056 3557 1328 3617 Mutatos
1364 3554 1565 3617 subito
1603 3555 1729 3616 vidi
1769 3555 1994 3616 variare
2034 3555 2264 3615 colores

976 3654 1227 3715 Anceris
1268 3664 1329 3716 et
1367 3654 1521 3732 galli,
1566 3670 1722 3731 quos
1763 3671 1925 3713 noua
1965 3654 2158 3713 forma
2195 3652 2384 3729 rapit:

976 3752 1387 3813 Transformat
1426 3752 1625 3811 corui
1667 3768 1828 3811 noua
1870 3769 2069 3828 penna
2109 3748 2420 3827 nigredine
2457 3748 2698 3825 gallum,

976 3851 1179 3912 Ancer
1217 3858 1277 3910 et
1317 3850 1381 3909 in
1425 3850 1687 3909 Miluum
1727 3849 1970 3910 vertitur
2011 3866 2155 3910 ecce
2195 3846 2414 3908 statim.
2921 3868 3024 3921 530

978 3947 1123 4008 Non
1164 3956 1397 4007 tanturn
1439 3964 1670 4023 pennas
1712 3945 1830 4007 sibi
1869 3957 2117 4007 sumunt
2157 3944 2246 4005 sic
2285 3944 2526 4016 alienas»,

978 4045 1179 4106 Immo
1218 4044 1435 4106 modos
1476 4045 1702 4106 similes
1743 4043 2104 4105 condicione
2144 4060 2352 4120 pares:

978 4144 1153 4220 Quos
1194 4153 1403 4203 natura
1442 4143 1603 4220 prius
1642 4142 1929 4221 pascebat
1968 4140 2050 4202 ad
2089 4141 2300 4202 horrea
2337 4139 2537 4217 granis

881 4292 980 4340 soa
1016 4274 1127 4329 HS.
1152 4276 1299 4327 Harl.
1319 4276 1447 4340 6091
1473 4276 1577 4343 (H)
1602 4277 1772 4341 begin
1799 4276 1909 4327 lun

882 4356 1007 4419 Cap·
1032 4354 1119 4407 vii.
1136 4352 1380 4419 Heading
1444 4369 1475 4403 a
1500 4355 1634 4405 idest
1658 4354 1814 4405 HGD
1959 4370 1994 4419 3
2015 4353 2405 4405 associebnntur
2421 4350 2568 4403 SGH
2633 4348 3026 4402 :sociabuntur

818 4434 959 4484 el-:D
1026 4434 1345 4485 associantur
1366 4430 1412 4483 T
