3434 5142
1197 508 1486 573 LIBER
1541 508 1957 574 Tl-:Rcms
2561 530 2677 595 155

637 668 815 729 Ledit
855 688 996 729 eum
1034 666 1272 746 grauius
1311 667 1559 730 crimine
1597 668 1743 729 iuris
1783 690 1953 730 onuS.
2549 696 2569 733 1
2582 694 2677 748 770

637 768 818 825 Heu!
875 767 1040 843 quod
1081 764 1288 843 iniqua
1327 786 1542 827 manus
1583 766 1900 828 mulierum
1942 769 2081 829 feda
2120 767 2419 847 pudendis

637 863 839 924 Debet
877 862 944 923 in
982 862 1150 923 altari
1191 874 1432 943 tangere
1472 884 1640 925 sacra
1677 864 1815 927 dei!

638 960 762 1039 Qui
803 981 1019 1039 corpus
1061 960 1292 1023 domini
1333 962 1624 1037 tractabit,
1669 975 1731 1024 et
1772 974 1863 1024 est
1902 964 2195 1026 meretrici

635 1058 916 1137 Turpiter
957 1070 1256 1133 attractus,
1304 1060 1534 1122 Cristus
1572 1061 1855 1123 abhorret
1894 1081 2065 1139 opus·

639 1155 762 1233 Qui
803 1158 1013 1217 fierent
1054 1156 1234 1219 Cristi
1273 1158 1446 1232 serui,
1490 1170 1630 1219 sunt
1669 1160 1941 1238 dumque
1980 1158 2235 1219 ministri

639 1254 950 1329 DemoniS,
993 1257 1111 1317 heu
1134 1260 1170 1321 l,
1200 1267 1468 1317 nostram
1507 1256 1642 1335 quis
1681 1256 1977 1336 reparabit
2016 1276 2197 1337 opem
2213 1260 2241 1317 Ρ

548 1472 668 1528 Hic
735 1474 1034 1530 describit
1094 1476 1366 1545 qualiter
1421 1474 1636 1530 omnia
1689 1479 1755 1531 et
1807 1476 2061 1545 singula
2138 1490 2257 1545 que
2330 1476 2684 1531 sacerdocii

475 1565 864 1618 concernunt
917 1562 1180 1617 officium
1233 1578 1468 1633 niagno
1517 1563 1785 1619 virtutis
1834 1564 2127 1620 misteria
2178 1563 2551 1633 designant:
2616 1567 2683 1620 et

475 1651 676 1717 primo
718 1650 889 1706 dicet
931 1651 1010 1707 de
1051 1652 1342 1708 vestibus
1385 1652 1893 1708 sacerdotalibus
1926 1668 2009 1708 ex
2042 1655 2315 1722 vti-aque
2348 1654 2487 1721 loge
2523 1667 2683 1709 com-

477 1740 769 1807 petenter
803 1739 1154 1808 dispositis.

193 1856 390 1928 Capm.
421 1850 594 1910 xxiiii.

723 1852 780 1913 Ο
825 1852 980 1913 bene
1019 1853 1070 1912 si
1109 1864 1321 1930 penset
1360 1870 1480 1931 que
1521 1863 1660 1913 sunt
1701 1852 1815 1913 sibi
1857 1851 1981 1912 iura
2026 1854 2321 1927 sacerdos

643 1948 809 2025 Quid
853 1948 928 2009 sit
968 1951 1178 2025 honor,
1223 1950 1371 2029 quid
1413 1970 1582 2024 onus,
1627 1949 1776 2029 quid
1816 1953 1915 2010 ve}
1953 1950 2197 2011 honoris
2238 1968 2411 2029 epm,

644 2046 890 2125 Singula
928 2046 1032 2126 qui
1072 2048 1227 2108 iuste
1267 2048 1382 2107 sibi
1422 2050 1733 2126 ponderat,
1777 2047 1958 2107 instat
1998 2058 2059 2107 et
2100 2066 2272 2125 eque,

645 2146 768 2206 Res
811 2156 901 2206 est
941 2143 1102 2205 mira·
1130 2144 1325 2219 nimiS,
1370 2144 1422 2205 si
1461 2146 1618 2205 male
1658 2155 1849 2223 gestet
1890 2164 2060 2204 onus,
2560 2157 2685 2219 1780

643 2244 846 2305 Omne
885 2244 1054 2321 quod
1093 2242 1194 2303 ille
1234 2254 1422 2303 status
1461 2241 1576 2303 sibi
1618 2242 1897 2303 vendicat
1937 2260 2069 2303 esse
2108 2242 2353 2304 beatum

645 2340 936 2415 Cernitur,
980 2352 1044 2401 vt
1084 2340 1274 2401 sancti
1315 2340 1434 2401 sint
1473 2339 1661 2419 magis
1703 2340 1847 2401 inde
1886 2338 2010 2399 viri.

645 2440 705 2499 N
708 2457 790 2499 on
831 2450 922 2500 est
961 2450 1086 2499 tam
1128 2438 1436 2500 modicum
1479 2439 1645 2516 quod
1687 2438 1867 2500 misse
1909 2448 2139 2517 spectat
2176 2440 2257 2499 ad
2298 2456 2489 2511 vsum,

645 2538 806 2615 Lege
847 2537 1224 2598 sacerdotum
1267 2535 1414 2615 quin
1455 2538 1630 2597 decet
1671 2554 1803 2597 esse
1844 2556 2095 2597 sacrum.

646 2635 909 2696 Ornatus
949 2633 1108 2707 varii,
1154 2627 1374 2713 quibus
1415 2634 1596 2694 vtitur
1633 2633 1763 2713 ipse
1804 2636 2097 2707 sacerdos

645 2732 896 2793 Virtutis
937 2732 1096 2793 varie
1137 2731 1370 2793 mistica
1409 2731 1578 2810 signa
1617 2744 1844 2811 gerunt.

647 2829 896 2891 Poderis
937 2841 1028 2891 est
1069 2829 1264 2903 vestiS,
1308 2830 1478 2891 aliter
1515 2848 1636 2909 que
1677 2830 1894 2892 dicitur
1932 2830 2086 2903 alba,

649 2926 965 2988 Presbiteri
1007 2948 1224 3006 corpus
1264 2948 1382 3006 que
1424 2928 1569 3006 tegit
1609 2946 1797 3005 vsque
1838 2930 2060 3007 pedes:

647 3026 732 3085 Vt
773 3023 914 3086 foris
956 3036 1046 3087 est
1085 3025 1276 3100 albus,
1321 3027 1488 3086 fieret
1527 3023 1616 3086 sic
1655 3026 1847 3087 albior
1886 3025 2047 3085 intus

651 3122 962 3197 Presbiter,
1007 3134 1070 3184 vt
1111 3142 1308 3184 mores
1347 3134 1540 3201 gestet
1577 3123 1641 3182 in
1682 3123 1829 3184 orbe
1870 3123 2080 3184 bonos.
2565 3144 2693 3199 1590

654 3216 906 3279 Cinctus
946 3218 1133 3295 ephot
1174 3218 1416 3278 Samuel
1456 3215 1689 3278 domini
1732 3218 1934 3278 studet
1974 3236 2104 3277 esse
2146 3214 2431 3289 minister,

652 3313 770 3377 Cui
808 3334 1056 3393 paruam
1097 3313 1363 3375 tunicam
1403 3313 1590 3375 texuit
1630 3317 1812 3373 Anna
1851 3332 2101 3391 parens:

651 3414 729 3473 In
770 3411 972 3474 tunica
1011 3412 1177 3474 tenui
1219 3410 1360 3473 fidei
1401 3411 1673 3473 doctrina
1712 3422 1967 3484 notatur,

652 3511 791 3587 Qua
832 3522 1042 3573 tenues
1082 3509 1316 3570 animos
1356 3508 1554 3589 gracia
1593 3520 1782 3569 mater
1819 3507 1959 3568 alit:

653 3610 745 3669 Ex
785 3608 910 3670 lino
951 3610 1176 3669 sactum
1217 3610 1323 3687 p‘er
1364 3609 1550 3687 ephot
1590 3605 1855 3685 signatur
1894 3607 2177 3667 honestas

653 3706 882 3781 Carnis,
927 3726 1110 3785 quam
1151 3708 1440 3767 mundam
1481 3704 1771 3785 presbiter
1810 3704 1939 3784 ipse
1978 3714 2157 3783 geret.

733 3806 976 3864 Balteus
1018 3787 1108 3865 est
1147 3802 1356 3878 eciam,
1402 3802 1666 3865 tunicam
1709 3801 1815 3881 qui
1854 3800 2087 3879 stringit
2124 3801 2393 3874 honeste,

653 3902 749 3962 Ne
789 3903 981 3962 femur
1021 3900 1085 3960 in
1124 3902 1265 3961 luxu
1305 3904 1463 3963 facta
1501 3902 1788 3979 pudenda
1828 3900 2009 3961 sciat:

653 4000 792 4059 Fert
831 3999 1137 4060 humerale
1178 3999 1416 4073 decem,
1461 4010 1524 4058 vt
1565 4009 1797 4059 nostras
1840 3996 2131 4077 presbiter
2170 4014 2335 4074 egras

654 4098 1016 4159 Confortans
1055 4096 1285 4157 animas
1324 4100 1404 4159 ad
1446 4096 1693 4157 meliora
1734 4098 1880 4156 ferat
1908 4118 1921 4155 :
2570 4106 2697 4155 1800

655 4196 735 4255 Et
775 4194 917 4273 ligat
957 4194 1020 4254 in
1061 4214 1300 4255 summo
1341 4193 1578 4272 sapiens
1619 4192 1873 4273 capitale
1913 4194 2209 4267 sacerdOS,
2572 4196 2581 4206 '

653 4294 737 4353 Vt
777 4291 988 4372 capitis
1030 4311 1240 4353 sensus
1281 4311 1406 4352 non
1447 4290 1602 4351 sinat
1642 4290 1727 4351 ire
1767 4311 1964 4370 vagos

657 4392 858 4451 Insula
896 4388 1071 4451 vestit
1112 4410 1251 4451 eum
1293 4388 1675 4463 circumdata,
1721 4409 1841 4467 que
1879 4389 2031 4449 nitet
2069 4407 2233 4462 aur0,

657 4489 842 4564 Quod
884 4472 1099 4549 virtute
1140 4508 1249 4549 sua
1287 4499 1505 4549 cuncta
1543 4490 1783 4549 metalla
1822 4486 2005 4566 regit3
