3434 5142
821 477 944 541 332

387 712 626 775 Qualiter
642 729 738 764 rex
761 712 942 765 Ricar-

322 780 418 829 dus
432 781 601 830 omnis
617 780 818 829 malicie
829 781 940 843 ple·

319 845 838 895 nusstrenuissimum
848 847 938 896 do-

319 912 506 961 minum
515 911 937 972 neurimm,tunc

319 975 544 1026 Derbeie
557 977 810 1027 Comitem
830 978 934 1027 Du·

318 1041 496 1105 cisque
537 1042 839 1093 Lanenstrie
877 1044 937 1093 fl-

316 1106 440 1157 lium
463 1115 516 1157 et
539 1109 800 1171 heredem,
821 1108 934 1160 sola

315 1188 383 1221 ex
421 1174 632 1235 inuidia,
667 1182 723 1225 vt
765 1175 932 1237 ipsum

315 1239 580 1301 perderet,
627 1240 682 1289 in
720 1238 931 1291 exilium

317 1304 550 1367 proiecit.

366 3157 605 3220 Qualiter
729 3159 918 3212 nobilis

299 3222 560 3274 Henricus
628 3226 919 3277 antedictus

297 3288 352 3336 in
385 3297 558 3353 partes
595 3289 828 3353 francie,
859 3300 915 3343 vt

296 3353 364 3401 ibi
388 3361 619 3417 tempore
648 3356 787 3405 exilii
810 3372 918 3407 mo-

297 3428 514 3485 raretur,
570 3423 742 3471 animo
796 3438 918 3473 eon·

297 3486 916 3599 sttlntivirilitersetram-

295 3556 354 3599 tu
380 3550 432 3600 't.

1551 456 1974 523 CRONICA
2016 458 2596 526 TRIPERTITA

1133 616 1320 694 Quod
1360 614 1500 677 facit
1541 615 1788 695 ignorat,
1836 616 1919 678 ita
1958 620 2105 680 dum
2147 621 2385 681 fortuna
2426 622 2670 708 laborat.

1211 713 1452 776 Accidit
1491 713 1733 789 interea,
1778 717 1924 777 dum
1968 728 2120 778 terra
2158 715 2271 778 suit
2311 718 2598 797 pharisee,

1130 812 1239 872 Est
1277 830 1440 873 noua
1479 810 1550 872 lis
1591 824 1772 887 mota,
1817 832 1999 891 quam
2040 826 2290 875 nouerat
2329 814 2548 894 Anglia
2586 827 2727 877 tota.

1127 906 1362 969 Nobilis
1406 906 1725 981 Henricus,
1770 908 1966 969 omnis
2007 909 2317 988 probitatis
2356 910 2625 984 amicus,'

1125 1004 1248 1066 Hic
1289 1016 1435 1067 tunc
1475 1006 1727 1067 florebat
1767 1026 1945 1086 super
1984 1028 2195 1069 omnes
2236 1012 2491 1089 plusque
2532 1010 2806 1085 valebat3

1121 1104 1204 1163 Vt
1245 1122 1380 1164 rosa
1418 1106 1530 1165 flos
1572 1105 1803 1178 florum,
1848 1104 2060 1166 melior
2096 1105 2209 1167 fuit
2248 1106 2347 1169 ille
2388 1109 2700 1182 bonorum,

1121 1201 1342 1263 Custos
1385 1203 1733 1280 Anglorum‚
1778 1223 1885 1281 per
1925 1223 2105 1281 quem
2146 1206 2247 1265 lux
2286 1205 2447 1266 fulsit
2489 1226 2713 1280 eorum,

1123 1300 1444 1378 Exemplar
1483 1318 1720 1360 morum
1762 1320 1881 1378 que
1922 1301 2236 1380 probacior
2274 1302 2373 1364 ille
2413 1304 2771 1382 proborum:

1117 1398 1220 1457 Ad
1260 1398 1395 1457 loca
1435 1396 1728 1458 bellorum
1768 1400 1866 1459 leo
1906 1398 2158 1460 conterit
2196 1418 2361 1460 arma
2400 1402 2716 1479 luporum,

1119 1492 1266 1553 Eius
1307 1512 1647 1572 cognomen
1687 1496 2025 1557 venerabile
2066 1497 2316 1577 percipit
2358 1518 2555 1572 omen,

1115 1592 1302 1666 Quod
1342 1611 1674 1669 numquam
1715 1591 1940 1653 victum
1980 1593 2178 1654 rutilat
2220 1596 2563 1657 hncasnia
2600 1594 2845 1658 dictum.

1119 1690 1307 1749 Hunc
1349 1699 1516 1767 patre
1555 1688 1799 1751 viuente
1838 1692 1919 1753 de
1960 1702 2118 1753 sorte
2160 1693 2616 1771 superueniente

1123 1788 1256 1847 Rex
1297 1786 1596 1865 delegauit
1637 1798 1699 1848 et
1742 1808 1881 1849 eum
1923 1788 2053 1851 sine
2094 1790 2228 1850 labe
2268 1791 2533 1871 fugauit,-

1071 1923 1083 1960 .,
1124 1885 1257 1945 Rex
1297 1883 1520 1945 etenim
1561 1885 1749 1959 nouit,
1797 1888 1877 1948 ad
1919 1906 2059 1947 eum
2101 1890 2267 1965 quod
2308 1887 2497 1967 patria
2536 1888 2718 1963 veuit,

1075 2049 1084 2076 ι
1175 1982 1298 2043 nde
1339 1980 1557 2045 timens
1599 1994 1821 2045 sortem
1863 1985 2031 2046 dolet
2069 1983 2197 2046 eius
2238 1986 2459 2047 habere
2500 1988 2807 2047 cohortem
2834 2008 2850 2047 ε

1119 2078 1374 2141 Inuidus
1415 2080 1572 2142 hanc
1614 2101 1859 2142 causam
1898 2093 2089 2161 gestat
2129 2083 2244 2143 sub
2284 2096 2527 2163 pectore
2566 2087 2845 2157 clausam,

1119 2178 1333 2238 Donec
1375 2176 1679 2257 disperdat
1722 2178 1943 2240 iustum
1984 2179 2115 2241 sine
2154 2180 2401 2261 iureque
2444 2184 2669 2261 perdat.

1119 2273 1243 2335 Hic
1285 2285 1488 2337 tamen
1529 2296 1601 2337 ex
1642 2296 1810 2338 more
1850 2277 2028 2339 solito
2067 2298 2176 2357 pro
2217 2278 2366 2359 regis
2407 2282 2637 2342 honore

1156 2392 1360 2451 emper
1400 2386 1712 2453 promptus
1756 2387 1896 2450 erat,
1940 2376 2109 2439 aliter
2148 2398 2274 2457 quo
2314 2379 2545 2458 premia
2586 2390 2781 2458 sperat
2804 2402 2823 2455 3

1157 2470 1213 2532 ic
1253 2470 1438 2533 nichil
1479 2472 1747 2548 offendit,
1792 2494 1916 2554 quo
1956 2496 2057 2537 rex
2097 2476 2211 2537 sibi
2252 2478 2515 2557 dampna
2556 2478 2844 2557 rependit,

1107 2556 1215 2640 Set
1255 2568 1402 2648 quia
1440 2582 1797 2633 cunctorum
1838 2592 1939 2634 rex
1980 2576 2188 2637 oderat
2226 2586 2361 2635 acta
2400 2576 2742 2654 proborum.

1115 2664 1362 2745 Singula
1402 2687 1528 2729 non
1569 2668 1793 2747 scripsi,
1838 2690 1957 2748 que
1998 2672 2121 2733 dux
2160 2673 2323 2734 bona
2362 2674 2616 2735 contulit
2654 2672 2805 2753 ipsi3

1109 2762 1172 2823 Si
1215 2762 1492 2825 meritum
1535 2766 1726 2840 detur,
1771 2778 1916 2829 tunc
1958 2770 2081 2831 dux
2122 2772 2279 2830 mala
2318 2772 2482 2831 nulla
2521 2783 2813 2835 meretur:

1109 2860 1371 2922 Exilium
1413 2872 1639 2924 tortum
1679 2865 1909 2942 gremio
1949 2867 2027 2928 de
2069 2866 2221 2945 regis
2258 2868 2537 2929 abortum

1107 2960 1252 3019 Hoc
1292 2977 1401 3038 pro
1443 2960 1608 3021 finali
1652 2964 1930 3025 mercede
1970 2965 2145 3025 datur
2186 2964 2443 3043 speciali.
2522 2980 2533 2991 ·

1186 3058 1378 3117 Purus
1416 3059 1496 3119 ad
1537 3078 1721 3120 omne
1760 3061 1913 3121 latus
1953 3060 2039 3122 sic
2078 3064 2277 3123 exulat
2314 3062 2726 3139 inmaculatuS,

1107 3154 1188 3214 Et
1228 3174 1412 3232 quem
1451 3156 1692 3235 decepit
1733 3177 1835 3219 rex
1874 3162 2107 3237 Anglus
2150 3159 2401 3221 Francia
2440 3161 2599 3241 cepit
2626 3184 2639 3223 :

1103 3252 1282 3311 Stans
1321 3251 1408 3315 ibi
1448 3256 1747 3331 preclarus
1789 3276 1972 3334 regno
2012 3256 2125 3318 fuit
2163 3257 2431 3337 vndique
2471 3279 2658 3334 carus„

1105 3350 1266 3426 Quo.
1289 3348 1404 3410 sibi
1445 3352 1751 3413 concreuit
1792 3353 2042 3432 requieS,
2086 3366 2176 3415 set
2216 3374 2341 3415 non
2380 3356 2691 3435 requieuit.

1107 3448 1272 3507 Dum
1312 3466 1501 3525 genus
1541 3449 1794 3527 exquirit
1834 3449 1897 3511 in
1939 3470 2062 3530 quo
2102 3451 2218 3513 sibi
2256 3451 2385 3515 iura
2421 3453 2682 3531 requirit,

1105 3545 1307 3621 Quem
1348 3545 1499 3606 deus
1538 3546 1799 3609 absoluit
1840 3548 1991 3627 patri
2033 3568 2193 3610 mors
2233 3549 2438 3611 omnia
2477 3552 2695 3627 soluit;

1104 3640 1221 3715 Sic,
1265 3652 1431 3719 patre
1473 3643 1776 3719 defunctu,
1820 3646 1899 3706 de
1939 3644 2191 3708 consilio
2232 3646 2345 3708 sibi
2386 3646 2592 3709 iuncto

1105 3740 1216 3801 Est
1256 3750 1401 3801 tunc
1440 3744 1834 3818 querendum,
1880 3743 2092 3805 melius
2134 3743 2248 3806 sibi
2288 3744 2437 3825 quid
2478 3745 2555 3807 sit
2594 3750 2933 3825 agendum:

1107 3838 1186 3898 Et
1227 3834 1312 3897 sic
1353 3840 1663 3899 consultus
1703 3841 1867 3901 velut
1907 3843 2079 3903 heres
2122 3842 2301 3905 Miles
2340 3845 2599 3919 adultus,

1104 3936 1244 4010 Que
1284 3954 1393 3997 sua
1431 3936 1741 4015 cognoscit
1778 3949 1917 4015 post
1956 3950 2185 4017 patrem
2224 3941 2461 4020 propria
2499 3943 2709 4021 poscit.

1104 4033 1244 4092 Hos
1283 4052 1390 4111 per
1429 4054 1695 4097 rumores
1734 4037 1961 4098 adeunt
1998 4036 2453 4103 ambassiatores

1105 4129 1336 4207 Regem
1377 4144 1709 4208 querenteS,
1754 4136 1947 4214 legem
1988 4154 2165 4215 super
2202 4136 2442 4215 hocque
2480 4149 2791 4216 petentes3

1105 4226 1212 4287 Set
1252 4226 1356 4303 qui
1397 4240 1616 4294 cuncta
1655 4244 1824 4293 vorat
1864 4252 1989 4293 non
2028 4232 2199 4295 audit
2237 4238 2405 4313 quod
2447 4235 2581 4315 pius
2620 4249 2766 4313 orat,

1105 4323 1550 4386 Exheredatum
1590 4339 1680 4392 set
1722 4349 1861 4393 eum
1904 4329 2071 4394 iubet
2110 4351 2241 4394 esse
2280 4334 2565 4412 fugatum.

1335 4452 1404 4507 95
1429 4440 1698 4497 abhortum
1720 4444 1821 4498 CH
2022 4461 2118 4513 109
2138 4446 2279 4513 pius]
2302 4448 2531 4501 cncu-
2590 4450 2735 4517 prius
2759 4450 2798 4505 S

3118 1416 3198 1462 80

3106 2409 3179 2459 90

3074 3386 3169 3423 100

3066 4366 3165 4404 110
