3434 5142
1186 439 1471 504 LIBER
1530 439 1897 506 SEXTUS
2307 405 2314 412 ’
2525 463 2663 526 253.

608 597 861 657 Dulcius
904 608 995 658 est
1036 599 1316 660 mercede
1355 599 1525 660 labor
1564 600 1671 677 qui
1710 599 1864 678 regis
1905 600 2198 662 honorem

605 695 864 772 Spectat,
910 707 970 757 ct
1011 697 1073 756 in
1118 697 1221 758 tali
1263 715 1435 775 spem
1475 698 1585 759 tibi
1627 698 1780 758 serre
1819 707 2006 775 potes.

604 793 713 852 Est
755 795 861 871 qui
902 794 1205 874 pacificuS,
1250 807 1343 858 est
1381 797 1469 857 vir
1509 796 1613 876 qui
1654 796 1798 856 iuris
1836 796 2084 870 amicus,

603 890 785 952 Liber
824 893 1097 968 auaricie,
1140 895 1337 972 largus
1374 894 1453 954 ad
1494 911 1681 955 omne
1716 891 1968 963 bonum,

600 987 785 1048 Vtere
824 991 1076 1050 consilio
1116 991 1237 1064 tali,
1280 992 1379 1068 pie
1419 1009 1542 1065 rex,⁴
1580 999 1646 1052 vt
1683 989 1998 1050 habundet
2087 999 2090 1002 ’

602 1085 861 1147 Cronica
904 1098 1187 1164 perpetue
1228 1088 1425 1148 laudis
1464 1088 1527 1148 in
1568 1086 1721 1148 orbe
1757 1097 1880 1148 tue.

604 1183 791 1244 Fama
834 1185 1045 1246 volans
1084 1186 1283 1263 gratia,
1328 1185 1498 1247 nullo
1539 1187 1816 1246 soluente
1853 1184 2158 1258 cathenas,

601 1281 938 1341 Proclamat
979 1283 1204 1344 meritis
1246 1283 1359 1346 ista
1398 1283 1493 1344 vel
1532 1283 1633 1344 illa
1672 1283 1830 1344 tuis:
2547 1294 2646 1358 780

601 1379 860 1454 Nomen,
904 1381 1101 1455 crede,
1144 1381 1377 1444 bonum
1418 1399 1591 1460 gazas
1626 1381 1916 1460 precellit,
1955 1380 2250 1442 honorem

602 1475 951 1552 conseruat,
993 1491 1267 1540 remouet
1305 1481 1601 1553 seandala,
1645 1479 1826 1540 laude
1864 1479 2060 1557 viget:

597 1574 807 1652 Tange
850 1575 1079 1650 bonum
1122 1577 1349 1651 florem,
1393 1578 1633 1639 dulcem
1675 1575 1968 1654 prestabit
2004 1577 2274 1651 odorem,

600 1671 699 1732 Sic
738 1673 1042 1752 virtusque
1081 1675 1189 1735 viri
1231 1677 1444 1752 fragrat
1482 1674 1707 1752 vbique
1745 1673 1920 1736 boni.

602 1767 873 1833 Consule
912 1773 1193 1834 doctores
1232 1773 1395 1851 legis,
1440 1773 1685 1836 discede
1725 1773 2022 1834 malorum

599 1870 656 1928 A
696 1870 1145 1944 conventiculis,
1190 1871 1597 1932 concomitare
1636 1871 1872 1932 bonosz

595 1966 681 2027 Vt
720 1985 969 2045 granum
1012 1969 1092 2029 de
1132 1986 1328 2030 messe
1366 1966 1497 2042 tibi,
1538 1969 1623 2030 de
1660 1969 1828 2030 sonte
1869 1966 2090 2028 salubri

598 2063 838 2139 Pocula,
884 2065 963 2125 de
1004 2065 1191 2126 docto
1228 2065 1511 2144 dogmata
1550 2075 1761 2126 mente
1796 2065 1974 2142 legas.

503 2303 625 2359 Hic
670 2305 949 2375 loquitur
998 2308 1269 2376 qualiter
1313 2307 1556 2375 regiam
1604 2307 1964 2364 ubertatem
2001 2307 2070 2362 in
2104 2308 2412 2364 viciorum
2447 2312 2642 2367 nulla·

433 2391 622 2446 tenus
653 2393 834 2451 decet
869 2393 1149 2450 incidere
1184 2393 1571 2459 seruitutem,
1608 2397 1713 2450 set
1747 2395 1916 2450 sicut
1951 2405 2169 2450 coram
2205 2395 2438 2465 populo
2475 2399 2643 2454 allos

434 2480 684 2536 excellit
716 2483 1034 2550 potencia,
1055 2484 1153 2539 ita
1187 2497 1405 2538 coram
1436 2483 1557 2539 deo
1590 2497 1703 2553 pre
1739 2482 1971 2539 ceteris
2007 2483 2300 2552 ampliori
2332 2485 2644 2566 ‘qh-tutum

434 2565 749 2624 clare-cat
781 2568 1249 2626 habndaneia.
2489 2563 2494 2571 “

255 2693 453 2770 Capm.
483 2701 556 2760 xi.
683 2693 890 2765 Gloria
930 2704 1111 2780 nulla,
1152 2723 1377 2783 precor,
1420 2713 1498 2780 te,
1541 2722 1659 2779 rex,
1704 2702 1946 2766 extollat
1986 2703 2197 2780 inanis,

594 2801 788 2862 Tedia
828 2819 969 2863 nam
1010 2802 1248 2880 populis
1288 2803 1409 2865 vita
1449 2801 1705 2881 superba
1745 2803 1914 2880 parit.
2541 2825 2639 2881 790

595 2898 813 2958 Musoe
853 2909 1033 2961 nocet
1072 2901 1327 2975 modica,
1374 2899 1627 2962 modicis
1668 2899 1750 2960 sis
1789 2899 2078 2976 prouidus
2119 2919 2277 2980 ergo,

594 2996 739 3056 Non
779 2997 1005 3059 faciunt
1043 3008 1204 3059 tutos
1246 2999 1405 3076 regia
1444 3009 1647 3074 ceptra
1688 3015 1870 3059 suos:

594 3094 858 3172 Exiguus
899 3114 1183 3172 magnum
1225 3096 1365 3156 vicit
1408 3094 1609 3156 Dauid
1650 3093 1751 3156 ille
1791 3093 2051 3167 Goliam,

595 3193 755 3254 Nam
795 3193 980 3254 virtus
1020 3193 1262 3253 humilis
1302 3193 1487 3253 corda
1527 3191 1784 3270 superba
1823 3191 2053 3256 domat.

591 3290 822 3352 Cristus
862 3309 1071 3351 amans
1112 3289 1368 3349 humiles
1410 3289 1584 3363 leuat,
1630 3300 1690 3349 et
1732 3290 1810 3350 de
1852 3287 2034 3351 corde
2076 3290 2366 3369 superbos
2409 3355 2418 3368 ,

590 3387 823 3463 Obruit,
868 3407 1010 3466 ergo
1051 3390 1164 3466 pie,
1208 3405 1325 3462 rex,
1370 3397 1474 3448 tua
1513 3405 1695 3465 regna
1735 3405 1891 3464 rege.

592 3485 681 3547 Sit
721 3486 831 3547 tibi
872 3485 1173 3548 credibilis
1216 3491 1413 3546 sermo
1453 3483 1854 3561 consultaque
1894 3481 2092 3560 verba,

592 3583 751 3660 Qu0,
796 3583 1015 3664 quibus
1056 3593 1116 3646 et
1158 3583 1420 3662 quando,
1464 3583 1618 3644 sicut
1659 3591 1896 3661 oportet
1939 3581 2068 3661 agi:

590 3683 675 3744 Vt
715 3683 1001 3760 scriptura
1042 3682 1224 3743 fidem
1266 3691 1405 3742 tuus
1447 3681 1632 3742 addat
1674 3697 1872 3743 sermo
1913 3698 2020 3758 per
2060 3699 2250 3756 aurea,

588 3779 795 3841 Verba
836 3781 1034 3841 minus
1074 3779 1224 3840 certi
1262 3777 1403 3839 ficta
1444 3779 1674 3840 timoris
1715 3776 1960 3839 habent.
2535 3792 2634 3842 800

595 3879 822 3953 Mocio,
867 3897 989 3952 rex,
1027 3879 1091 3938 in
1132 3888 1193 3939 te
1232 3877 1436 3940 subito
1475 3896 1601 3938 non
1642 3875 1826 3939 irruat
1864 3875 1950 3938 ire
1967 3897 1986 3952 ;

592 3975 821 4040 Causas
862 3976 1093 4037 iusticie
1133 3987 1223 4037 set
1264 3976 1643 4037 moderanter
1683 3993 1830 4054 age:

595 4074 691 4135 Ira
732 4091 985 4135 mouens
1026 4074 1293 4134 animum
1334 4074 1488 4134 tollit
1528 4071 1643 4134 sibi
1681 4075 1806 4133 Vim
1847 4071 2117 4149 racioniS‚

593 4172 673 4232 Et
714 4171 970 4233 discreta
1010 4189 1118 4232 sue
1157 4170 1375 4232 mentis
1415 4171 1649 4250 agenda
1688 4180 1883 4249 negat.

494 4403 594 4452 779
625 4389 864 4518 sai-‘luente
887 4386 1034 4438 CEH
1101 4387 1315 4438 iubente
1340 4381 1529 4437 SGDL
1660 4395 1754 4449 791
1792 4384 1896 4452 sis]
1915 4386 1993 4437 sic
2015 4385 2104 4437 ΟΕ
2258 4401 2355 4452 79⁰
2387 4393 2564 4470 septi-a
2588 4385 2630 4436 C

428 4473 635 4530 sceptra
1239 4471 1245 4477 '
