3434 5142
848 447 975 512 250
1556 428 1758 494 vox
1817 429 2356 498 cLAMAan

1014 588 1141 650 Hic
1180 597 1273 650 est
1310 597 1598 664 versutus,
1641 589 1899 652 inimicis
1938 591 2091 668 regis
2129 589 2375 666 amicus,

1014 688 1265 765 Semper
1302 689 1545 762 venalis,
1588 688 1737 749 dum
1778 699 1948 749 vacat
1989 689 2118 766 ipse
2156 689 2371 764 lum-is3

1016 785 1345 864 Vipereum
1386 803 1577 864 genus
1619 794 1681 847 et
1722 805 1944 847 vanum
1985 787 2355 865 plenumque
2394 806 2649 862 venene,

1016 883 1369 959 FraudibuS,
1414 884 1662 959 insidiis,
1706 885 1934 946 artibus
1975 903 2138 945 arma
2177 895 2381 963 parat:

1016 981 1265 1059 Semper
1304 982 1368 1042 in
1410 981 1641 1042 insidiis
1682 983 1855 1044 sedet
1896 983 2273 1061 incautisque
2314 1001 2535 1045 nocere

1014 1080 1315 1156 Temptat,
1358 1088 1422 1140 et
1460 1079 1700 1141 occulto
1741 1079 1990 1141 fabricat
2029 1081 2157 1157 ipse
2197 1081 2391 1142 dolos.

1017 1176 1143 1236 Hic
1182 1177 1403 1236 rimans
1444 1178 1677 1237 animos
1718 1177 2032 1238 hominum
2073 1189 2299 1239 secreta
2339 1177 2578 1251 reuelat,

1016 1274 1096 1335 Et
1136 1273 1343 1334 similis
1387 1275 1541 1335 Iude
1582 1274 1830 1335 fabricat
1870 1285 2004 1336 acta
2044 1293 2170 1335 sua.

1099 1371 1223 1447 Qui
1264 1381 1325 1432 te
1365 1371 1659 1446 sollicitat,
1702 1389 1820 1446 rex,
1863 1381 1926 1433 et
1965 1369 2313 1435 subuertere
2353 1381 2622 1450 temptat,

1016 1468 1144 1545 Qui
1180 1478 1245 1530 te
1283 1469 1603 1545 persuadet
1642 1469 1879 1529 soluere
1922 1469 2082 1530 iussa
2121 1469 2242 1544 dei,
2963 1478 3071 1545 670

1016 1566 1173 1642 Quis
1215 1565 1291 1625 sit
1331 1577 1392 1626 et
1432 1567 1561 1644 ipse
1602 1565 1756 1640 vide,
1803 1567 1994 1644 qualis
2035 1566 2130 1628 vel
2171 1567 2562 1642 condicionis,

1016 1665 1143 1722 Aut
1182 1661 1293 1722 tibi
1336 1663 1385 1724 si
1426 1681 1563 1724 vera
1603 1663 1804 1725 dicere
1844 1663 2027 1725 verba
2067 1664 2227 1726 velit.

1019 1760 1272 1821 Discute
1311 1770 1517 1821 mente
1557 1763 1721 1838 prius
1761 1762 2032 1822 animum
2073 1761 2437 1840 temptantis,
2481 1771 2544 1822 et
2581 1762 2724 1822 audi

1018 1857 1082 1918 Si
1122 1858 1217 1918 vel
1258 1867 1601 1919 constanter
1640 1859 1734 1918 vel
1775 1857 2120 1920 dubitanter
2157 1870 2310 1938 agat,

1018 1957 1081 2016 Si
1122 1955 1231 2016 tibi
1273 1967 1564 2034 preponat
1604 1955 1876 2030 dubium,
1923 1955 2240 2017 mendacia
2280 1957 2548 2034 fingens:

1018 2053 1267 2130 Semper
1304 2053 1597 2132 deprendi
1640 2052 1820 2114 verba
1861 2054 2076 2115 dolosa
2115 2054 2346 2114 timent.

1022 2149 1183 2214 Cum
1224 2151 1301 2212 sit
1340 2171 1522 2212 causa
1561 2151 1702 2226 doli,
1749 2152 1851 2229 pie
1889 2169 2006 2226 rex,
2050 2162 2116 2212 tu
2157 2151 2400 2212 credere
2439 2151 2582 2224 noli,

1016 2249 1083 2310 Si
1124 2249 1259 2328 quis
1299 2259 1436 2327 agat
1475 2267 1675 2327 praue,
1721 2259 1787 2309 tu
1828 2267 1936 2310 sua
1977 2250 2133 2310 facta
2173 2268 2341 2310 caue.

1021 2347 1254 2407 Multus
1295 2363 1419 2406 non
1462 2347 1669 2420 credit,
1714 2347 1828 2408 nisi
1869 2365 2010 2406 cum
2053 2365 2145 2407 res
2187 2347 2364 2407 noxia
2404 2347 2588 2421 ledit;

1021 2446 1183 2505 Ante
1223 2462 1471 2505 manum
1514 2445 1753 2521 sapiens
1793 2445 2072 2521 prouidet
2111 2455 2246 2505 acta
2284 2461 2537 2522 regens:
2965 2452 3068 2500 680

1024 2542 1420 2618 Decipiuntur
1460 2557 1603 2601 aues
1646 2559 1753 2619 per
1787 2551 2002 2602 cantus
2045 2559 2188 2620 sepe
2227 2559 2480 2616 suaues;

1025 2640 1274 2714 Blande,
1318 2659 1434 2713 rex,
1480 2639 1681 2717 lingue
1723 2641 1937 2701 mellea
1976 2639 2158 2701 verba
2197 2641 2350 2719 fuge.

1022 2739 1175 2812 Rex,
1219 2736 1382 2797 bona
1422 2737 1604 2814 digna
1644 2736 1822 2798 bonis
1861 2737 1943 2798 da
1983 2739 2226 2815 premia,
2271 2757 2388 2813 rex,
2433 2748 2496 2800 et
2534 2738 2756 2815 iniquis

1020 2836 1164 2912 Que
1204 2853 1313 2896 sua
1355 2835 1683 2912 promeruit
1724 2835 1952 2912 premia
1991 2837 2169 2913 culpa
2209 2836 2420 2898 dabis:

1022 2933 1204 2993 Latro
1245 2931 1443 2992 bonus
1482 2932 1722 2992 veniam
1764 2932 1963 2995 Cristo
2003 2933 2322 2994 miserante
2363 2943 2637 3007 meretur,

1024 3031 1253 3090 Penam
1294 3029 1620 3107 promeruit
1662 3029 1726 3088 in
1767 3047 1944 3091 cruce
1986 3030 2136 3090 latro
2177 3031 2388 3090 malus,

1024 3127 1403 3206 Obsequium
1443 3145 1695 3205 prauum
1736 3127 1915 3188 trahit
1955 3147 1992 3189 e
2030 3127 2309 3188 manibus
2349 3145 2530 3206 graue
2571 3127 2818 3200 donum,

1025 3228 1167 3303 Que
1207 3235 1347 3286 sunt
1389 3224 1544 3285 sacta
1584 3242 1695 3286 suo
1737 3225 1860 3286 fine
1899 3225 2134 3286 notabit
2173 3227 2377 3287 home.

1105 3325 1169 3387 Si
1210 3323 1404 3385 scelus
1444 3323 1647 3383 vlcisci
1688 3324 1850 3384 racio
1891 3325 2219 3384 certissima
2260 3323 2471 3401 poscit,

1025 3426 1227 3486 Iustus
1270 3421 1331 3480 in
1373 3421 1492 3480 hoc
1530 3439 1676 3481 casu
1717 3421 1886 3498 quod
1927 3421 2103 3482 dece't
2143 3421 2292 3481 illud
2333 3438 2459 3498 age.
2967 3427 3074 3492 690

1028 3522 1195 3582 Ficta
1235 3519 1345 3580 tibi
1386 3519 1576 3596 pietas
1616 3535 1745 3579 non
1785 3518 2045 3580 mulceat
2087 3537 2296 3596 aspera
2337 3518 2497 3592 iuris,

1026 3619 1203 3679 Vlcio
1244 3617 1533 3678 iudicium
1572 3616 1876 3694 compleat
1917 3617 2104 3677 immo
2144 3627 2352 3677 tuum:

1024 3717 1183 3793 Sepe
1224 3713 1443 3792 pericla
1484 3713 1607 3774 fera
1648 3713 1762 3774 fert
1803 3713 2018 3774 iudicis
2060 3713 2218 3774 vlcio
2257 3713 2443 3787 mda,

1028 3812 1296 3874 Destruit
1336 3811 1437 3872 ille
1477 3809 1673 3890 bonos
1715 3812 1821 3889 qui
1863 3813 2004 3872 sinit
2043 3829 2176 3872 esse
2216 3812 2423 3872 malos.

1028 3911 1317 3971 Diuersas
1354 3927 1539 3988 penas
1580 3909 1834 3970 diuersis
1875 3909 2083 3970 addito
2124 3910 2332 3987 culpis,

1028 4007 1203 4068 Mille
1241 4009 1383 4068 mali
1424 4007 1670 4085 specieS,
1714 4007 1880 4068 mille
1917 4008 2124 4068 salutis
2165 4016 2358 4068 erunt.

1028 4105 1248 4166 Iudicii
1286 4105 1525 4182 signum
1565 4106 1800 4184 gladius
1843 4116 2172 4166 monstrare
2209 4107 2460 4178 videtur,

1029 4203 1305 4264 Proditor
1344 4213 1409 4264 vt
1448 4205 1655 4281 per-iat,
1700 4223 1802 4265 rex
1843 4213 2010 4266 tenet
2049 4223 2214 4264 arma
2253 4221 2454 4264 secus:

1029 4302 1165 4362 Rex
1204 4299 1409 4362 iubeat
1448 4301 1597 4362 tales
1638 4303 1858 4380 laqueo
1899 4321 2078 4380 super
2114 4304 2236 4363 alta
2277 4301 2480 4375 leuari,

952 4414 1054 4478 663
1086 4413 1351 4477 Viperium
1372 4411 1462 4464 ΟΕ
1590 4415 1693 4478 679
1727 4414 1855 4478 legit
1877 4415 1917 4466 S
2049 4415 2150 4480 698
2181 4415 2351 4480 per-iat
2375 4413 2520 4465 sm·
2584 4419 2766 4478 pereat
2788 4411 2976 4462 CEDL
