3434 5142
1199 487 1483 552 LIBER
1541 488 1965 555 TERCIUS‘
2558 495 2678 561 163

642 646 764 724 Qui
806 645 920 707 sibi
960 666 1074 707 nec
1115 649 1412 709 mundum
1453 659 1779 728 computat,
1823 647 2011 710 immo
2052 651 2251 724 deum,

646 744 912 807 Clericus
953 745 1080 823 ipse
1121 745 1220 807 dei
1263 766 1442 825 super
1481 749 1599 809 hoc
1641 758 1960 825 reputatur,
2006 760 2065 809 et
2106 748 2232 810 eius

643 842 1006 920 Principium
1049 845 1170 905 fine
1210 845 1506 907 clauditur
1543 844 1688 907 inde
1728 846 1909 907 b0n0.

643 941 874 1001 Summi
916 943 1176 1004 doctoris
1217 943 1502 1005 virtutum
1543 948 1746 1023 regula
1784 944 1939 1005 iusta

646 1040 990 1117 Discipulos
1030 1042 1256 1103 dociles
1297 1045 1376 1104 de
1418 1042 1656 1104 racione
1697 1045 1897 1104 fouet:

644 1136 766 1213 Qui
807 1138 1018 1199 studiis
1059 1142 1284 1213 herent,
1331 1161 1434 1202 cor
1471 1144 1550 1202 ad
1592 1144 1712 1202 alta
1752 1144 1953 1202 leuant
1994 1152 2053 1201 et
2096 1141 2157 1201 in
2197 1140 2331 1201 altis

647 1234 878 1313 Figunt,
923 1236 1008 1296 hii
1049 1258 1187 1298 vera
1226 1250 1367 1299 sunt
1408 1241 1757 1299 holocausta
1796 1241 1931 1300 deo·
2554 1245 2685 1297 2060

725 1335 784 1393 N
788 1354 907 1395 unc
948 1347 1150 1405 tamen
1191 1336 1345 1397 inter
1385 1356 1490 1398 eos
1530 1348 1679 1415 puto
1720 1340 1941 1397 multos
1981 1356 2113 1397 esse
2155 1347 2417 1409 vocatOS,

653 1434 893 1493 Electos
931 1453 1156 1512 paucos
1197 1434 1556 1496 condicione
1597 1436 1855 1513 probos:

648 1528 922 1591 Moribus
963 1530 1047 1591 hii
1088 1533 1322 1593 dudum
1365 1532 1546 1594 studii
1586 1532 1803 1593 virtute
1842 1533 2151 1606 vacabant,

649 1629 830 1689 Nunc
871 1627 1037 1689 viciis
1079 1629 1278 1691 studia
1317 1632 1464 1691 dant
1504 1630 1743 1709 vigilare
1784 1650 1907 1691 sua.

527 1745 542 1760 ·
647 1725 762 1785 Vix
804 1746 912 1805 pro
953 1727 1200 1787 materia
1239 1727 1298 1807 si*
1330 1748 1494 1789 nunc
1533 1729 1734 1790 studet
1772 1747 1925 1788 vnus
1967 1728 2262 1802 habenda,

651 1826 859 1884 Solurn
899 1836 991 1885 set
1029 1827 1220 1886 forme
1260 1826 1476 1886 sufficit
1515 1826 1726 1887 vmbra
1764 1846 1888 1887 sue.

650 1922 916 1985 Clericus
957 1920 1041 1984 ire
1082 1926 1274 1985 scolas
1313 1924 1518 1985 animo
1559 1924 1833 2003 paciente
1870 1924 2116 1998 solebat,

655 2020 858 2082 Gloria
897 2041 1060 2081 nunc
1101 2022 1314 2083 mundi
1355 2034 1590 2101 statque
1631 2022 1909 2101 magistra
1948 2021 2079 2095 sibi,

654 2118 1126 2197 Discurrensque
1166 2139 1350 2197 vagus
1391 2132 1630 2199 potator
1667 2132 1727 2181 et
1766 2119 2117 2192 accidiosuS,

653 2216 910 2279 Deditus
952 2228 1012 2277 et
1052 2217 1270 2291 veneri,
1314 2218 1523 2279 circuit
1563 2216 1662 2279 hic
1702 2228 1763 2278 et
1803 2216 1905 2278 ibi.
2562 2239 2693 2291 2070

656 2317 748 2375 Ex
787 2317 992 2393 planta
1031 2314 1212 2375 sterili
1252 2336 1380 2376 non
1419 2317 1522 2377 fiet
1563 2314 1766 2376 fertilis
1807 2315 1997 2390 arbor,

653 2414 713 2474 N
715 2433 785 2473 ec
825 2412 1003 2473 faciet
1042 2415 1266 2475 fructus
1307 2414 1484 2474 arbor
1521 2412 1729 2491 iniqua
1768 2413 1999 2474 bonos:

652 2513 806 2589 Sepe
846 2523 1088 2572 senecta
1127 2522 1307 2586 tenet,
1353 2510 1543 2573 tenuit
1584 2513 2015 2589 quodcumque
2054 2510 2333 2573 iuuentus
2358 2532 2375 2587 ς

651 2608 714 2669 Si
754 2612 946 2669 malus
987 2620 1076 2670 est
1115 2608 1367 2682 iuuenis,
1411 2608 1507 2669 vix
1548 2610 1745 2669 bonus
1786 2608 1915 2688 ipse
1955 2620 2141 2670 vetus,

654 2709 764 2769 Est
806 2708 966 2768 bona
1007 2728 1126 2785 que
1168 2707 1334 2769 radix
1373 2706 1657 2769 bonitatis
1696 2707 1966 2786 germina
2004 2709 2241 2786 profert,

655 2808 752 2866 De
793 2806 991 2867 radice
1031 2808 1188 2866 mala
1228 2806 1517 2884 germinat
1559 2826 1741 2867 omne
1783 2808 2024 2866 malum.

655 2902 928 2982 Quisque
969 2923 1110 2964 suos
1150 2903 1326 2981 igitur
1364 2923 1581 2983 pueros
1623 2904 1886 2982 castiget,
1930 2915 1993 2963 vt
2034 2902 2135 2963 illa

655 3000 899 3080 Virgula
939 3021 1062 3062 non
1103 3002 1264 3063 licite
1304 3002 1522 3062 mentis
1561 3004 1796 3080 agenda
1836 3003 2033 3079 fugat:

655 3099 778 3175 Qui
819 3099 1045 3159 virtutis
1085 3101 1270 3161 habet
1308 3099 1542 3161 iuuenis
1583 3116 1725 3160 cum
1765 3102 1909 3160 flore
1950 3098 2311 3177 magistrum,

660 3196 868 3257 Discat
909 3208 969 3258 et
1010 3197 1137 3277 ipse
1178 3197 1275 3275 pie
1315 3217 1435 3275 que
1476 3194 1787 3275 probitatis
1828 3208 2017 3270 erunt,
2566 3206 2696 3255 2080

661 3294 937 3355 Proficiet
977 3296 1110 3355 talis
1135 3318 1154 3370 3
1205 3306 1295 3355 set
1336 3314 1519 3373 quem
1559 3296 1775 3355 doctor
1812 3293 2071 3355 viciosus

660 3392 923 3466 Instruit,
967 3392 1066 3454 hic
1107 3412 1239 3453 raro
1278 3390 1656 3453 fructificabit
1696 3393 1899 3452 hom0.

569 3600 688 3657 Hic
753 3600 960 3670 querit
1033 3616 1296 3657 causam
1364 3616 1486 3670 que
1546 3598 1890 3655 scolarium
1956 3600 2205 3654 animos
2270 3597 2353 3653 ad
2416 3596 2699 3653 ordinem

499 3689 965 3757 presbiteratus
1018 3688 1483 3757 suscipiendum
1542 3688 1810 3744 inducit:
1872 3691 2007 3743 tres
2062 3687 2230 3743 enim
2283 3700 2517 3742 causae
2570 3700 2701 3754 pre·

498 3779 677 3846 cipue
718 3778 996 3845 allegam
1045 3778 1292 3834 tractat
1339 3777 1542 3833 eciam
1583 3776 1663 3832 de
1708 3778 1943 3846 quarta
1991 3790 2209 3840 eausa,
2256 3790 2375 3844 que
2420 3788 2571 3830 raro
2616 3774 2699 3828 ad

497 3879 766 3933 pre-ens
800 3865 1139 3935 contingit.

247 3988 451 4064 Capm.
474 3984 625 4045 xxix.
753 3987 904 4047 Sunt
943 3984 1144 4063 aliqui,
1189 3985 1389 4046 studio
1429 3986 1616 4047 modo
1657 3983 1761 4064 qui
1804 3994 2066 4063 perstant
2106 3982 2395 4059 animOSO,

663 4082 889 4144 Nescio
929 4103 1048 4161 que
1089 4102 1270 4143 causa
1309 4083 1385 4143 sit
1425 4094 1628 4144 tamen
1668 4081 1813 4143 inde
1853 4102 1967 4142 rea.

661 4179 969 4258 Quicquid
1008 4191 1186 4258 agant
1226 4180 1518 4253 homines,
1561 4178 1827 4239 intencio
1865 4178 2091 4240 iudicat
2130 4198 2341 4241 omnes
2361 4202 2380 4255 3

665 4278 866 4339 Corde
908 4279 1074 4356 quod
1112 4276 1358 4338 interius
1399 4287 1491 4337 est
1531 4276 1690 4355 capit
1730 4276 1859 4356 ipse
1900 4279 2089 4338 deus:

666 4374 804 4436 Istis
845 4374 1174 4454 prepositiS‚
1218 4394 1427 4435 verum
1467 4372 1651 4435 michi
1691 4375 1909 4452 pande,
1955 4374 2211 4448 scolariS,

665 4472 784 4535 Dic
824 4492 942 4551 que
983 4472 1058 4533 sit
1099 4472 1282 4534 studii
1321 4471 1566 4535 condita
1605 4491 1787 4533 causa
1826 4474 1949 4534 tui:

1547 4588 1596 4631 Μ
1631 4592 1662 4633 2
