3434 5142
791 482 906 526 102
998 554 1011 565 ·
1494 462 1690 529 VOX
1750 462 2295 529 CLAMANTIS

853 1178 973 1236 nic
996 1180 1150 1236 dicit
1172 1180 1357 1250 quod.
1381 1194 1588 1249 exquo
1611 1192 1745 1235 non
1769 1196 1811 1237 a
1832 1180 2111 1243 fortuna.
2137 1181 2240 1237 set
2260 1179 2509 1235 meritis
2541 1182 2609 1236 et
2644 1179 2986 1244 demeritis,

785 1283 864 1323 ea
889 1283 1009 1336 que
1032 1283 1155 1323 nos
1185 1270 1251 1322 in
1283 1268 1517 1325 mundo
1553 1282 1864 1338 prospera
1899 1272 1967 1323 et
2003 1268 2279 1323 aduersa
2314 1282 2625 1322 vocamus
2656 1269 2851 1337 digno
2887 1266 2987 1323 clei

782 1356 1011 1411 iudicio
1029 1356 1386 1411 hominibus
1409 1357 1807 1425 contingunt,
1825 1354 2099 1411 intendit
2125 1358 2582 1423 consequenter
2606 1356 2884 1410 scribere
2908 1354 2986 1409 de

783 1446 964 1497 statu
999 1444 1337 1506 hominum,
1371 1444 1643 1512 qualiter
1678 1458 1752 1499 se
1790 1443 1870 1499 ad
1908 1458 2174 1514 presens
2207 1444 2467 1505 habent,
2492 1443 2833 1498 secundum
2868 1443 2986 1498 hoc

785 1530 946 1597 quod
971 1546 1084 1600 per
1108 1532 1463 1601 sompnium
1489 1532 1776 1602 superius
1800 1532 2035 1587 dictum
2060 1530 2225 1587 vidit
2250 1533 2317 1587 et
2342 1530 2599 1586 audiuit.

1340 1746 1585 1821 Incipit
1625 1747 1959 1823 prologus
2000 1746 2158 1805 libri
2200 1744 2421 1805 tercii.

1109 1922 1212 1964 um
1255 1902 1418 1964 bona
1458 1904 1588 1965 siue
1629 1906 1789 1964 mala
1828 1906 1905 1965 sit
1946 1902 2125 1965 nobis
2167 1920 2296 1963 sors
2336 1900 2657 1964 tribuenda

1150 2001 1244 2060 Ex
1283 2001 1533 2078 propriis
1575 2002 1818 2076 meritiS,
1862 2002 1978 2061 hiis
2021 2001 2207 2078 magis
2250 1999 2485 2077 hiisque
2526 2000 2739 2071 minuS,

945 2100 1042 2159 Fit
1083 2098 1414 2175 mundique
1453 2108 1640 2161 status
1681 2100 1745 2159 in
1788 2110 1905 2161 tres
1946 2100 2165 2161 diuisio
2206 2107 2418 2175 partes,

947 2196 1251 2258 Omnibus
1291 2197 1452 2257 vnde
1490 2198 1629 2258 viris
1669 2207 1788 2258 scat
1828 2199 1999 2275 quasi
2042 2197 2215 2257 sortis
2258 2214 2429 2273 opus,

946 2295 1026 2353 Et
1069 2294 1253 2355 modo
1295 2312 1403 2371 per
1441 2294 1595 2357 vicia
1636 2296 1778 2373 quia
1818 2314 1947 2357 sors
1988 2295 2178 2373 magis
2218 2303 2372 2353 astat
2414 2292 2634 2369 iniqua,

946 2391 1248 2452 Ponderet
1289 2392 1352 2450 in
1392 2393 1588 2451 causis
1631 2392 1884 2470 quilibet
1923 2404 2057 2453 acta
2096 2392 2256 2452 suis:

948 2488 1024 2547 In
1065 2506 1452 2566 quocumque
1491 2489 1678 2567 gradu
1720 2490 1797 2550 sit
1838 2492 2040 2565 hom0,
2084 2488 2358 2551 videatur
2398 2488 2461 2547 in
2502 2486 2649 2549 orbe

948 2587 1088 2662 Que
1131 2584 1244 2646 sibi
1284 2596 1423 2647 sunt
1461 2588 1637 2661 sacta,
1677 2606 1807 2649 sors
1848 2590 2009 2650 cadit
2048 2588 2211 2649 vnde
2248 2605 2365 2649 ren.

947 2684 1090 2743 Non
1132 2700 1246 2761 ego
1286 2701 1571 2761 personas
1613 2685 1892 2764 culpabo,
1938 2696 2029 2747 set
2070 2686 2315 2761 increpo
2356 2684 2579 2761 culpaS,

946 2780 1116 2855 Quas
1158 2782 1222 2839 in
1262 2783 1533 2858 personis
1574 2783 1879 2844 cernimus
1920 2801 2057 2845 esse
2096 2802 2247 2843 reas..
2928 2796 2991 2839 ιο

945 2879 1003 2936 Α
1045 2895 1144 2939 me
1187 2896 1310 2938 non
1351 2880 1486 2957 ipso
1525 2880 1742 2958 loquor
1782 2881 1913 2956 hec,
1958 2892 2050 2942 set
2090 2899 2211 2959 que
2251 2880 2435 2940 michi
2476 2878 2672 2956 plebis

945 2975 1082 3034 Vox
1121 2974 1307 3050 dedit,
1351 2984 1413 3035 et
1454 2987 1676 3037 sortem
1718 2979 1945 3056 plangit
1985 2966 2213 3056 vbique‘
2252 2978 2507 3037 malam:

945 3073 1029 3132 Vt
1070 3073 1334 3150 loquitur
1371 3074 1582 3153 vulgus
1621 3075 1856 3153 loquor,
1898 3086 1961 3138 et
2000 3074 2322 3137 scribendo
2362 3076 2664 3154 loquelam

945 3171 1192 3249 Plango,
1237 3172 1404 3249 quod
1443 3184 1534 3234 est
1575 3184 1819 3235 sanctus
1858 3174 2058 3234 nullus
2100 3183 2162 3234 vt
2194 3184 2335 3235 ante
2374 3183 2578 3235 status,

947 3269 1222 3347 Quisque
1260 3286 1439 3331 suum
1479 3281 1684 3349 tangat
1724 3284 1935 3350 pectus
1976 3271 2297 3349 videatque
2336 3281 2657 3349 sequenter

949 3367 1011 3427 Si
1052 3366 1129 3426 sit
1170 3367 1233 3425 in
1276 3367 1392 3427 hoc
1435 3369 1568 3429 talis
1609 3370 1770 3431 vnde
1811 3371 2049 3447 quietus
2090 3370 2221 3429 erit.

948 3463 1172 3523 Nescio
1213 3465 1348 3542 quis
1389 3483 1604 3542 purum
1647 3486 1714 3528 se
1756 3468 1939 3542 dicet,
1979 3466 2153 3544 plebs
2194 3466 2339 3543 quia
2378 3476 2507 3527 tota

946 3560 1184 3622 Clamat
1225 3562 1343 3621 iam
1386 3563 1576 3623 lesum
1617 3565 1951 3643 quemlibet
1994 3582 2127 3625 esse
2168 3574 2408 3624 stamm.

947 3658 1146 3735 Culpa
1185 3659 1434 3736 quidem
1477 3662 1611 3736 lata,
1657 3680 1785 3722 non
1826 3662 2005 3739 culpa
2046 3662 2214 3735 leuis
2260 3660 2586 3722 maculauit

848 3817 853 3824 .
945 3756 1246 3832 Tempora
1287 3776 1428 3817 cum
1471 3760 1683 3834 causiS,
1729 3779 1843 3821 nos
1882 3778 2127 3838 quoque
2169 3770 2373 3821 nostra
2413 3759 2581 3820 loca:
2928 3779 2999 3815 ω

947 3853 1050 3912 Nil
1090 3856 1367 3931 generale
1405 3867 1610 3917 tamen
1651 3858 2013 3919 concludam
2054 3858 2169 3919 sub
2210 3858 2472 3937 speciali,

947 3950 1079 4011 Nec
1117 3970 1260 4028 gero
1305 3956 1680 4031 propositum
1723 3957 1925 4017 ledere
1964 3974 2273 4036 quemque
2314 3966 2557 4017 statum.

1028 4048 1330 4111 Nouimus
1371 4069 1505 4112 esse
1545 4062 1735 4113 status
1776 4063 1912 4129 tres,
1956 4052 2071 4115 sub
2112 4053 2335 4134 quibus
2374 4052 2577 4113 omnis
2618 4051 2680 4111 in
2722 4050 2869 4113 orbe

947 4146 1123 4206 More
1164 4165 1276 4208 suo
1317 4148 1464 4209 viuit
1503 4160 1687 4227 atque
1728 4152 2023 4214 ministrat
2063 4153 2167 4214 eis,

849 4286 1090 4355 Headt‘ng
1121 4290 1223 4340 Hic
1246 4292 1430 4355 incipit
1453 4309 1626 4358 exquo
1651 4296 1694 4346 1.
1894 4298 2083 4362 incipit
2106 4298 2356 4362 prologus
2380 4296 2498 4346 libri
2522 4296 2671 4347 tercii
2692 4310 2793 4345 om.
2820 4294 2861 4343 L

785 4374 1070 4495 ὃίἴεῗὲειεῑ
1092 4367 1131 4419 S
1153 4375 1224 4431 get
1241 4369 1294 4419 in
1313 4369 1616 4437 laterhand)
1760 4390 1820 4440 13
1852 4376 2061 4445 vulgus]
2082 4376 2304 4441 populus
2321 4375 2471 4441 (ras.)
2492 4374 2536 4427 C
2676 4374 2739 4425 16
2769 4372 2839 4423 Vt
2854 4372 2924 4422 sit
2944 4372 2993 4421 D
