3434 5142
1207 485 1496 552 LIBER
1554 487 1921 554 SEXTUS
2531 513 2656 576 247

615 645 795 706 Sunt
835 654 1071 707 tamen
1112 647 1400 709 occulte
1440 666 1669 722 cause,
1712 667 1888 727 quas
1929 650 2170 712 nullus
2211 651 2287 712 in
2327 653 2500 715 orbe

614 745 816 805 Scire
853 751 1109 822 potest,
1154 753 1259 807 set
1300 764 1419 807 eas
1460 747 1597 807 scit
1638 749 1860 825 magis
1902 747 2058 826 ipse
2097 749 2309 812 deus:

618 844 867 904 Nescit
907 844 1097 904 enim
1136 855 1357 907 mater
1396 856 1567 907 nato
1607 865 1749 924 que
1791 847 1937 906 fata
1975 859 2334 927 parantur,

618 942 796 1002 Fine
834 951 945 1002 set
982 942 1351 1002 occultum
1392 943 1657 1004 clarius
1698 962 1908 1004 omne
1947 954 2163 1022 patet.

615 1039 819 1099 Talia
860 1057 991 1100 vox
1028 1039 1277 1117 popuii
1319 1042 1726 1102 conclamat
1765 1041 2033 1120 vbique
2073 1044 2402 1106 moderni

616 1139 701 1198 In
742 1136 967 1208 dubio
1007 1138 1225 1215 positi
1267 1156 1389 1216 pre
1428 1140 1788 1217 grauitate
1827 1140 2034 1201 mali:

615 1233 732 1295 Sic
771 1253 903 1313 ego
942 1235 1305 1297 condoleo
1344 1253 1559 1313 super
1598 1236 1740 1298 hiis
1781 1255 1919 1314 que
1959 1237 2157 1298 tedia
2195 1257 2431 1316 cerno,

616 1332 777 1408 Quo
815 1333 998 1410 Regi
1038 1351 1261 1412 puero
1300 1333 1565 1412 scripta
1605 1335 1974 1413 sequenda
2012 1337 2182 1398 fero.
2551 1351 2654 1414 580

518 1555 640 1611 Hic
686 1557 967 1625 loquitur
1012 1555 1197 1626 quod,
1242 1571 1447 1626 exquo
1493 1571 1711 1613 omnes
1760 1557 2130 1630 quicumque
2177 1563 2390 1619 mundi
2438 1567 2652 1622 tutatus

446 1644 565 1702 snb
604 1645 775 1712 regie
806 1645 1187 1713 mage-tatia
1221 1645 1477 1700 iuuticia
1508 1644 1937 1710 moderantur,
1968 1647 2243 1706 intendit
2278 1649 2364 1705 ad
2389 1666 2654 1720 presens

450 1735 870 1802 regnaturo
906 1733 1053 1787 iam
1090 1731 1251 1798 Regi
1292 1735 1517 1787 nostro
1561 1732 1879 1802 quandam
1921 1735 2256 1802 epistolam
2305 1738 2650 1796 doctrine

452 1835 686 1876 cauea
724 1820 963 1876 editam
1005 1820 1282 1875 scribere
1324 1824 1806 1888 consequenter,
1843 1836 1925 1876 ex
1961 1836 2088 1891 qua
2121 1823 2228 1880 ille
2262 1840 2377 1882 rex
2408 1830 2651 1893 noster,

452 1908 559 1978 qui
613 1907 800 1964 modo
857 1909 927 1962 in
985 1923 1105 1964 sua
1152 1907 1375 1976 puerili
1419 1909 1830 1964 constituitur
1880 1912 2076 1974 etate,
2125 1927 2265 1968 cum
2322 1915 2651 1972 vberioree

450 2000 675 2066 postea
747 1997 1090 2065 sumpserit
1152 2010 1379 2058 annos,
1431 1997 1651 2064 gracia
1710 1996 2026 2053 mediante
2097 2000 2334 2066 diuina,
2389 2002 2460 2056 in
2516 2004 2651 2058 unia

447 2085 769 2154 regalibus
822 2083 1188 2140 exercendis·
1250 2082 1605 2138 euidencius
1653 2083 2025 2140 instruatur.
2097 2086 2180 2141 Et
2233 2089 2437 2157 primo
2499 2090 2652 2146 dicit

448 2173 632 2242 quod,
691 2173 984 2242 quamuia
1041 2171 1279 2240 regalis
1342 2171 1641 2240 potencia
1700 2172 2158 2240 quodammodo
2225 2192 2419 2246 supra
2473 2180 2652 2248 leges

445 2262 807 2326 extollatur,
845 2260 1085 2329 regiam
1122 2263 1337 2314 tamen
1379 2256 1562 2315 decet
1604 2259 2028 2338 clemenciam,
2077 2265 2241 2332 quod
2285 2266 2426 2334 ipse
2465 2267 2651 2323 bonis

444 2351 731 2405 moribus
788 2347 1151 2412 inherendo,
1213 2347 1397 2416 quasi
1457 2345 1616 2401 liber
1668 2347 1786 2402 sub
1848 2349 2096 2405 iusticie
2153 2352 2403 2422 legibus
2454 2371 2526 2412 ae
2584 2360 2651 2411 et

446 2452 600 2493 ouon
634 2436 704 2490 in
740 2439 1005 2505 aspectu
1039 2435 1236 2503 Regis
1271 2433 1570 2490 altissimi
1608 2433 1862 2490 assidue
1897 2436 2224 2504 gubernet.

219 2559 419 2636 Capm.
449 2558 565 2620 viii.
690 2559 971 2634 Cumque
1010 2555 1105 2616 sui
1145 2556 1330 2632 Regis
1370 2555 1485 2633 legi
1526 2555 1603 2616 sit
1643 2557 1830 2632 legius
1872 2558 2070 2618 omnis

609 2656 915 2729 Subditus,
958 2665 1018 2716 et
1058 2665 1187 2715 toto
1227 2671 1476 2731 corpore
1515 2653 1698 2715 seruit
1736 2656 1810 2729 ei,

610 2755 720 2815 Est
760 2755 841 2814 ita
881 2739 1250 2815 conueniens
1291 2753 1458 2830 quod
1498 2770 1638 2813 eum
1678 2753 1762 2814 de
1800 2754 1986 2816 corde
2024 2755 2190 2818 fideli

610 2853 839 2912 Mentis
879 2852 943 2912 in
982 2853 1200 2913 affectu
1241 2851 1428 2930 legius
1469 2851 1668 2912 omnis
1707 2862 1906 2914 amet:

609 2949 794 3027 Regis
834 2959 897 3010 et
936 2959 1027 3009 est
1066 2949 1389 3027 proprium,
1432 2950 1816 3009 commissam
1856 2951 2026 3028 quod
2065 2951 2182 3012 sibi
2221 2953 2460 3032 plebem

611 3046 859 3124 Dirigat,
902 3055 963 3107 et
1004 3047 1159 3106 iusta
1199 3046 1329 3123 lege
1369 3045 1663 3124 gubernet
1704 3065 1858 3108 eam.

610 3144 779 3204 Hinc
818 3153 925 3217 est,
970 3145 1137 3222 quod
1178 3161 1451 3203 normam
1492 3144 1726 3221 scriptis
1767 3145 1846 3206 de
1887 3146 2156 3223 pluribus
2195 3157 2388 3209 ortam

610 3241 795 3321 Regis
836 3260 951 3321 ego
989 3240 1153 3302 laudi
1194 3240 1453 3302 scribere
1494 3242 1682 3302 tendo
1725 3244 1865 3302 mei.

689 3340 749 3401 Ο
788 3340 888 3416 pie
926 3357 1045 3412 rex,
1088 3337 1233 3398 audi
1274 3355 1393 3415 que
1433 3339 1510 3398 sit
1550 3348 1655 3398 tua
1693 3341 1898 3415 regula
1937 3342 2118 3417 regni,

610 3505 776 3567 Dixit
817 3506 981 3566 enim
1024 3505 1259 3578 Daniel,
1305 3504 1471 3583 quod
1512 3504 1591 3564 de
1632 3504 1966 3566 senioribus
2007 3517 2136 3568 orta

611 3603 771 3664 Exiit
810 3603 1099 3680 impietaS,
1142 3621 1324 3680 quam
1366 3602 1525 3662 furor
1565 3602 1730 3663 orbis
1769 3601 1987 3664 habet:

611 3702 815 3763 Omne
853 3701 1020 3779 quod
1061 3711 1153 3762 est
1194 3701 1405 3760 mundi
1446 3701 1667 3760 vicium
1708 3700 1982 3778 plantant
2022 3703 2302 3776 veterani,

609 3801 691 3860 Et
730 3800 901 3877 quasi
941 3799 1023 3860 de
1060 3810 1228 3877 peste
1268 3817 1468 3875 spersa
1509 3816 1744 3858 venena
1785 3809 2008 3859 serunt.

610 3897 853 3956 Horum
893 3912 1155 3972 namque
1194 3897 1388 3956 scelus
1430 3895 1613 3956 fertur
1652 3895 1953 3955 maculare
1993 3896 2208 3974 figuras

610 3995 835 4055 Tocius
876 3993 1104 4068 mundi,
1149 4012 1272 4070 quo
1313 3992 1452 4053 furit
1494 3994 1579 4053 ira
1620 3994 1737 4054 dei.

613 4093 867 4168 Iamque
906 4091 1270 4167 supercreuit
1310 4090 1485 4150 dolus
1526 4101 1588 4151 et
1628 4090 1849 4151 defecit
1889 4089 2188 4166 honestaS,

610 4189 803 4250 Sentit
843 4198 905 4250 et
943 4186 1333 4266 opprobrium
1372 4187 1540 4264 quod
1579 4187 1641 4246 fu
1649 4188 1691 4246 it
1731 4197 1873 4247 ante
1914 4187 2119 4249 decus.
2510 4194 2644 4266 58ο*

515 4321 641 4384 Cap.
662 4317 768 4369 viii.
789 4317 1032 4383 Heading
1048 4333 1080 4381 3
1101 4315 1406 4381 regnaturo]
1430 4315 1848 4367 excelentissimo
1868 4317 1914 4366 T
1937 4318 2064 4382 (text
2083 4335 2197 4371 over
2209 4337 2410 4374 erasm
2427 4322 2645 4390 SCHG)

449 4400 681 4450 doctrine
703 4399 883 4464 causa]
906 4401 959 4448 in
979 4399 1091 4447 eius
1112 4397 1313 4446 honore
1334 4395 1380 4444 T
1403 4397 1525 4462 (text
1544 4411 1662 4446 over
1676 4411 1878 4445 erasure
1899 4397 2118 4464 SCHG)

517 4478 646 4540 576*
678 4479 745 4528 de
766 4486 915 4542 peste
940 4477 1016 4528 Hs
1078 4476 1286 4540 depiste
1306 4475 1354 4525 T
1548 4476 1677 4538 579*
1708 4475 2036 4540 sapei-cernit
2057 4475 2104 4526 T
2296 4478 2472 4529 deficit
2490 4479 2536 4529 T
