3434 5142
1481 480 1678 545 VOX
1736 480 2277 547 CLAMANTIS

938 642 1272 704 Creuerunt
1313 650 1405 702 set
1447 659 1594 719 opes
1635 651 1697 702 et
1741 658 1927 718 opum
1972 641 2193 701 furiosa
2234 640 2473 719 cupido,

937 739 1018 799 Et
1059 757 1198 798 cum
1239 739 1586 816 possideant
1626 739 1896 815 plurima,
1942 739 2113 815 plura
2152 748 2379 816 petunt.

939 837 1091 897 Sunt
1133 836 1196 895 in
1238 837 1370 914 lege
1409 836 1510 897 dei
1552 855 1745 913 nuper
1784 836 1972 913 magis
2014 835 2099 895 hii
2142 835 2434 909 meditati,

937 934 1182 993 Numen
1225 934 1311 993 eis
1350 934 1582 993 vultum
1625 933 1877 1010 prestitit
1917 932 2078 994 vnde
2118 951 2329 994 suum:

943 1032 1126 1091 Nunc
1167 1031 1354 1109 magis
1397 1030 1638 1091 intrauit
1675 1032 1914 1091 animos
1955 1040 2267 1107 suspectus
2309 1031 2627 1105 honorum,

940 1130 1036 1189 Fit
1075 1129 1343 1206 precium
1386 1128 1599 1206 dignis,
1643 1137 1788 1189 sunt
1828 1145 2028 1205 neque
2068 1137 2289 1188 cuncta
2330 1129 2487 1188 satis.

942 1229 1016 1288 In
1059 1226 1260 1303 precio
1301 1226 1567 1303 precium
1608 1244 1773 1287 nunc
1813 1236 1921 1299 est,
1962 1224 2068 1286 dat
2106 1242 2323 1286 census
2366 1226 2639 1299 honores,

941 1324 1265 1401 Omneque
1305 1325 1618 1401 pauperies
1660 1322 1903 1384 subdita
1944 1323 2172 1382 crimen
2212 1321 2413 1383 habet.

941 1422 1096 1483 Cum
1139 1422 1401 1499 loquitur
1439 1422 1630 1494 diueS,
1673 1421 1873 1481 omnis
1914 1431 2060 1481 tunc
2100 1419 2307 1481 audiet
2344 1421 2521 1495 auris,

943 1520 1229 1597 Pauperis
1269 1538 1372 1580 ore
1413 1528 1616 1580 tamen
1659 1519 1825 1578 nulla
1864 1518 2105 1597 loquela
2143 1518 2336 1579 valet:

941 1618 1004 1678 Si
1045 1627 1244 1677 careat
1283 1634 1486 1691 censu,
1531 1634 1743 1677 sensus
1786 1616 1969 1677 nichil
2012 1625 2103 1676 est
2144 1615 2415 1693 sapienti,

943 1715 1179 1776 Census
1221 1714 1284 1774 in
1325 1714 1471 1775 orbe
1513 1714 1700 1775 modo
1743 1712 2020 1773 sensibus
2059 1732 2165 1774 ora
2206 1714 2439 1790 premit.

943 1816 1177 1891 Pauper
1215 1813 1326 1873 erit
1365 1813 1596 1886 stultus,
1639 1812 1904 1889 loquitur
1942 1812 2083 1873 licet
2123 1828 2227 1872 ore
2268 1810 2553 1885 Catonis;

947 1912 1137 1971 Diues
1171 1910 1281 1971 erit
1322 1910 1576 1987 sapiens,
1622 1910 1707 1968 nil
1750 1909 1889 1971 licet
1928 1909 2059 1986 ipse
2099 1909 2281 1969 sciat:

945 2008 1057 2068 Est
1097 2008 1159 2067 in
1201 2016 1531 2085 conspectu
1572 2017 1891 2085 paupertas
1932 2006 2063 2067 vilis
2104 2024 2315 2066 eorum

945 2105 1398 2182 Cuiuscumque
1437 2104 1569 2179 viri,
1607 2105 1685 2165 sit
1726 2105 1865 2164 lieet
1906 2103 2035 2181 ipse
2076 2102 2313 2178 bonus;

945 2204 1036 2263 Sit
1075 2203 1214 2263 licet
1254 2212 1316 2263 et
1355 2202 1527 2263 diues
1569 2220 1847 2279 peruerse
1887 2201 2284 2276 condicioniS‚

949 2300 1190 2360 Horum
1233 2298 1467 2360 iudiciis
1510 2318 1636 2361 non
1677 2300 1789 2359 erit
1829 2300 1958 2375 ipse
2000 2298 2209 2358 malus,

950 2398 1007 2456 N
1012 2397 1051 2454 il
1093 2406 1264 2469 arteS,
1307 2396 1391 2455 nil
1433 2406 1610 2473 pacta
1649 2395 1819 2469 fides»,
1864 2395 1949 2454 nil
1988 2395 2185 2473 gracia
2225 2394 2443 2473 lingue,

952 2494 1053 2554 Nil
1095 2493 1232 2554 fons
1275 2494 1516 2572 ingenii,
1561 2494 1646 2553 nil
1685 2492 1971 2572 probitas»,
2016 2493 2147 2553 sine
2188 2510 2288 2553 re:

950 2592 1168 2651 Nullus
1209 2591 1388 2668 inops
1429 2592 1712 2669 sapiens;
1762 2590 1864 2652 vbi
1905 2608 2013 2665 res,
2061 2590 2145 2650 ibi
2186 2590 2363 2667 copia
2402 2606 2649 2665 sensus3

950 2690 1012 2749 Si
1055 2689 1245 2766 sapiat
1287 2706 1532 2767 pauper,
1578 2689 1664 2747 nil
1705 2689 1821 2749 nisi
1864 2706 2091 2765 pauper
2132 2688 2257 2747 erit.

951 2788 1154 2862 Quem
1195 2785 1460 2846 mundus
1500 2786 1797 2862 reprobat,
1842 2804 1919 2846 en
1964 2804 2077 2845 nos
2116 2784 2505 2861 reprobamus
2546 2782 2828 2855 eundem,

952 2884 1156 2961 thue
1196 2883 1348 2961 perit
1388 2893 1590 2960 pereat
1632 2883 1995 2959 perdicionis
2036 2900 2227 2959 opus;

953 2982 1086 3041 Nos
1127 2992 1218 3042 set
1259 2999 1399 3042 eum
1441 2982 1622 3043 laude
1663 2991 1869 3041 nostra
1909 2981 2158 3058 dignum
2201 2989 2567 3057 reputamuS‚

953 3079 1149 3156 Copia
1189 3096 1370 3157 quem
1407 3078 1618 3139 mundi
1661 3078 1832 3140 duxit
1871 3078 1951 3139 ad
1992 3078 2154 3139 orbis
2195 3095 2379 3155 opes:

955 3177 1036 3237 Et
1077 3177 1163 3236 sic
1204 3176 1443 3254 prelatis
1485 3177 1753 3237 mundus
1791 3175 2078 3253 prefertur
2116 3173 2197 3235 ab
2238 3175 2415 3247 intuS,

958 3274 1098 3334 Hiis
1139 3282 1342 3335 tamen
1384 3274 1640 3334 exterius
1683 3274 1927 3351 fingitur
1965 3273 2095 3350 ipse
2137 3272 2307 3333 deus.

1039 3372 1383 3433 Laudamus
1425 3382 1672 3447 veteres,
1715 3372 1935 3432 nostris
1974 3382 2179 3431 tamen
2222 3370 2438 3431 vtimur
2476 3368 2669 3441 annis,

957 3470 1091 3530 Nec
1134 3480 1304 3529 vetus
1347 3468 1408 3529 in
1452 3468 1630 3531 nobis
1671 3470 1873 3547 regula
1912 3479 2111 3529 seruat
2150 3468 2301 3529 iter:

957 3568 1102 3628 Non
1144 3578 1291 3628 tunc
1332 3567 1628 3628 iusticiam
1670 3568 1903 3627 facinus
1946 3566 2197 3627 mortale
2236 3564 2481 3643 fugarat,

958 3666 1098 3740 Que
1139 3682 1302 3723 nunc
1343 3664 1424 3725 ad
1463 3682 1712 3743 superos
1756 3676 1921 3741 rapta
1962 3662 2202 3741 reliquit
2244 3664 2510 3722 humum.

958 3764 1186 3823 Felices
1229 3764 1432 3823 anime
1475 3763 1769 3824 mundum
1812 3780 2077 3838 renuere,
2124 3772 2215 3823 set
2254 3762 2415 3821 intus

959 3860 1121 3922 Cura
1161 3862 1378 3922 domos
1419 3878 1663 3939 superas
1703 3860 1993 3921 scandere
2036 3868 2163 3921 tota
2201 3859 2355 3934 fuit3

962 3958 1105 4018 Non
1149 3977 1338 4019 venus
1378 3968 1482 4018 aut
1522 3958 1731 4019 vinum
1774 3958 2053 4018 sublimia
2092 3966 2336 4034 pectora
2378 3956 2568 4034 fregit,

961 4056 1100 4130 Que
1140 4056 1327 4133 magis
1367 4056 1613 4117 interius
1652 4056 2013 4133 concupiere
2052 4055 2255 4116 deum.

963 4154 1141 4214 Plura
1181 4154 1383 4215 videre
1425 4164 1597 4231 potes
1639 4155 1827 4216 modo
1868 4164 1959 4214 set
2002 4153 2283 4213 nouitatis
2323 4152 2403 4213 ad
2446 4152 2691 4223 instans,

962 4252 1102 4326 Que
1142 4252 1350 4329 procul
1391 4270 1428 4311 a
1469 4252 1650 4313 Cristi
1692 4252 1871 4313 laude
1912 4249 2169 4329 superba
2208 4260 2458 4329 gerunt:

963 4350 1145 4408 Nunc
1189 4349 1376 4427 magis
1420 4349 1588 4411 illesa
1629 4361 1873 4411 seruant
1912 4368 2021 4410 sua
2062 4366 2313 4427 corpora
2352 4348 2487 4421 leta,

1647 4464 1716 4527 58
1748 4463 1917 4527 periat
1942 4461 2140 4514 HCGL

2922 2124 3000 2173 50

2930 3080 2997 3131 60
