3434 5142
1003 481 1065 546 Ο
1125 477 1371 545 DEUS
1431 476 1863 546 IMMENSE
1919 499 2063 544 Ere.
2540 483 2663 560 3⁶3

472 640 766 718 Quamuis
808 660 932 702 non
973 643 1171 714 velles,
1215 642 1412 718 plures
1450 639 1592 700 facit
1633 657 1763 700 esse
1801 639 2088 701 rebelles:

471 739 682 817 Sepius
724 759 796 800 ex
837 738 1036 800 herbis
1077 739 1324 800 morbus
1364 749 1600 799 curatur
1637 737 1887 810 acerbiS,

469 837 626 914 Sepe
666 837 906 915 loquela
943 835 1137 914 grauis
1177 835 1344 896 iuuat
1383 843 1444 898 et
1483 846 1664 896 nocet
1704 834 1805 895 ina
1844 833 2062 896 suauis.

471 933 594 1008 Qui
631 935 850 994 falsum
890 932 1144 1012 pingunt
1183 933 1298 994 sub
1337 933 1665 1010 fraudeque
1704 953 1845 994 vera
1884 933 2195 1012 refingunt‚

471 1029 580 1089 Hii
621 1042 760 1091 sunt
801 1029 905 1108 qui
945 1030 1172 1092 blando
1211 1049 1487 1093 sermone
1525 1041 1751 1091 nocent
1788 1029 2151 1108 aliquando:

470 1129 604 1188 Rex
644 1128 748 1206 qui
788 1127 1074 1189 conducit
1113 1129 1277 1202 taleS,
1320 1127 1436 1188 sibi
1475 1129 1760 1188 scandala
1798 1127 1981 1200 ducit,

469 1226 714 1285 Nomen
757 1237 816 1286 et
855 1224 1103 1288 abducit
1144 1226 1310 1303 quod
1349 1223 1555 1286 nobile
1595 1245 1727 1285 raro
1769 1221 2039 1286 reducit:
2444 1251 2511 1299 40

470 1322 657 1397 Quod
695 1321 881 1400 viguit
921 1341 1114 1397 mane,
1159 1321 1274 1382 sibi
1312 1341 1558 1400 vespere
1596 1321 1805 1382 transit
1844 1321 2039 1395 inane,

472 1422 824 1482 Dummodo
863 1423 1186 1482 ereduntur
1226 1439 1346 1498 que
1384 1420 1566 1481 verba
1604 1422 1817 1481 dolosa
1855 1422 2154 1498 loquutur.

469 1517 738 1579 Consilio
779 1517 881 1578 tali
921 1537 1169 1594 regnum
1211 1515 1396 1595 magis
1437 1515 1500 1576 in
1541 1516 1785 1595 speciali

469 1615 754 1693 Vndique
795 1615 1078 1689 turbatur,
1123 1634 1247 1692 quo
1289 1612 1472 1692 Regis
1513 1615 1708 1676 honor
1749 1613 2037 1675 variatur:

470 1714 528 1772 N
533 1731 654 1773 unc
694 1711 776 1772 ita
817 1712 970 1774 sicut
1011 1711 1138 1773 heri
1179 1711 1395 1790 poterit
1435 1731 1528 1772 res
1569 1710 1684 1772 ista
1722 1710 1926 1784 videri,

470 1812 650 1871 Vnde
691 1809 878 1888 magis
919 1809 1144 1888 plangit
1186 1812 1460 1888 populuS,
1505 1828 1688 1887 quem
1729 1809 1877 1870 lesio
1918 1806 2122 1886 tangit.

469 1909 572 1968 Set
610 1907 982 1986 premunitus
1021 1927 1149 1967 non
1187 1907 1403 1968 fallitur
1443 1906 1586 1967 inde
1627 1905 1888 1984 peritus;

469 2005 655 2080 Quod
695 2005 859 2066 videt
898 2016 1038 2065 ante
1079 2024 1343 2078 manum,
1385 2003 1534 2082 fugit
1573 2021 1757 2064 omne
1796 2002 2063 2064 notabile
2102 2021 2359 2064 vanum:

469 2104 626 2164 Cum
666 2104 975 2179 laqueatur
1013 2101 1160 2176 auiS,
1203 2111 1378 2162 cauet
1415 2103 1612 2175 altera,
1656 2100 1863 2179 sicque
1904 2101 2103 2161 suauis

468 2201 601 2260 Rex
639 2198 774 2277 pius
815 2198 880 2258 in
920 2218 1062 2260 cura
1100 2219 1336 2277 semper
1373 2197 1545 2259 timet
1585 2198 1712 2276 ipse
1752 2200 1964 2259 futura.
2442 2221 2511 2271 50

468 2298 600 2357 Rex
640 2296 976 2357 insensatus
1015 2299 1212 2356 nullos
1252 2305 1424 2376 putat
1463 2316 1594 2358 esse
1633 2307 1847 2371 reatuS‚

468 2395 669 2469 Quam
710 2393 872 2472 pn'us
912 2405 1053 2454 ante
1084 2396 1248 2455 fores
1289 2413 1462 2455 casus
1503 2393 1616 2455 sibi
1658 2394 1777 2454 sint
1816 2393 2151 2472 grauiores;

466 2493 570 2551 Set
610 2491 713 2569 qui
754 2490 1009 2569 prescire
1049 2494 1176 2552 vult
1215 2506 1446 2566 causa,
1484 2491 1725 2569 expedit
1764 2491 1865 2565 ire,

466 2587 667 2649 Plebis
708 2600 769 2650 et
808 2589 1014 2650 audire
1054 2609 1232 2650 voces
1273 2608 1380 2667 per
1419 2607 1640 2666 easque
1677 2588 1909 2650 redire:

467 2684 528 2744 Si
571 2685 646 2746 sit
686 2685 750 2745 in
790 2707 984 2748 errore
1026 2686 1209 2765 Regis
1250 2689 1345 2747 vel
1384 2685 1448 2746 in
1489 2685 1616 2747 eius
1657 2689 1902 2760 honore,

469 2784 611 2843 Hoc
651 2785 728 2844 de
770 2787 1030 2845 clamore
1069 2784 1277 2864 populi
1317 2786 1605 2863 prefertur
1641 2785 1723 2845 ab
1763 2804 1883 2845 ore.

467 2879 577 2940 Est
617 2880 721 2958 qui
763 2901 1050 2957 morosu3‚
1097 2885 1230 2942 Rex
1269 2901 1396 2942 non
1435 2881 1544 2942 erit
1584 2881 1965 2955 ambiciosuS,

465 2978 568 3037 Set
609 2979 723 3039 sub
763 2997 840 3038 eo
879 2989 1076 3038 tutum
1117 2978 1282 3056 regni
1323 2988 1526 3039 manet
1566 2997 1749 3039 omne
1789 2989 2113 3038 statutum:

465 3073 730 3136 Nomine
771 3078 1069 3153 preclarus
1109 3095 1420 3153 nunquam
1460 3074 1573 3135 fuit
1612 3077 1765 3135 vllus
1804 3094 2017 3135 auarus
2021 3119 2040 3149 ,

467 3173 658 3250 Larga
697 3191 911 3233 manus
951 3191 1176 3232 nomen
1217 3191 1358 3232 cum
1397 3173 1576 3232 laude
1617 3183 1876 3232 meretur
1914 3182 1977 3234 et
2017 3191 2233 3232 omen:
2438 3183 2504 3232 60

465 3271 708 3331 Nomen
749 3273 944 3348 regale
982 3269 1192 3348 populi
1231 3289 1348 3329 vox
1387 3271 1491 3330 dat
1531 3268 1658 3343 tibi,
1702 3271 1880 3347 quale

467 3367 570 3441 Sit,
615 3367 771 3429 bene
813 3367 942 3429 siue
983 3367 1156 3441 male,
1199 3368 1349 3427 deus
1389 3366 1538 3429 illud
1580 3369 1763 3428 habet
1800 3365 2077 3446 speciale.

465 3468 598 3527 Rex
635 3465 742 3544 qui
781 3477 944 3527 tutus
984 3465 1116 3541 eriS,
1159 3465 1209 3527 si
1250 3476 1435 3528 temet
1475 3485 1722 3527 noscere
1760 3465 1975 3544 queris,
2602 3483 2751 3533 Nota.

463 3565 564 3624 Ad
604 3583 816 3626 vocem
857 3563 1048 3642 plebis
1087 3583 1260 3626 aures
1299 3563 1596 3644 sapienter
1633 3563 1922 3626 habebis:

466 3662 660 3740 Culpe
700 3662 794 3722 vel
835 3662 1028 3722 laudis
1069 3681 1142 3723 ex
1182 3662 1360 3742 plebe
1399 3673 1644 3735 creatur,
1689 3674 1753 3722 vt
1791 3661 1965 3724 audis
1968 3708 1987 3737 ‚

468 3761 677 3819 Fama
715 3761 948 3821 ferens
987 3759 1202 3821 verba
1242 3779 1376 3838 que
1417 3759 1619 3822 dulcia
1659 3771 1798 3821 sunt
1839 3771 1900 3821 et
1943 3757 2175 3821 acerba.

465 3859 652 3917 Fama
691 3855 812 3918 cito
852 3856 1079 3932 crescit,
1123 3857 1324 3918 subito
1365 3869 1568 3918 tamen
1607 3856 1708 3918 illa
1748 3856 2029 3930 vanescit,

465 3955 687 4015 Saltem
727 3956 965 4014 fortuna
1006 3953 1232 4015 stabilis
1273 3954 1416 4032 quia
1455 3974 1582 4016 non
1622 3965 1826 4016 manet
1866 3974 2024 4014 vna:

462 4050 763 4129 Principio
803 4051 952 4113 scire
990 4053 1290 4112 fortunam
1331 4071 1438 4112 seu
1478 4051 1755 4126 stabilire,

464 4150 608 4210 Non
648 4161 738 4209 est
779 4151 1110 4209 humanum
1151 4167 1329 4226 super
1369 4151 1486 4210 hoc
1527 4148 1675 4227 quid
1715 4168 1940 4226 ponere
1981 4151 2265 4227 planum3
2438 4175 2501 4227 70

465 4246 612 4307 Fine
653 4257 744 4307 set
783 4257 1090 4324 expertum
1129 4249 1286 4306 valet
1326 4245 1522 4308 omnis
1563 4245 1763 4307 dicere
1802 4257 2048 4320 certum,

464 4343 683 4420 Qualia
723 4353 860 4403 sunt
901 4343 1072 4417 facta,
1117 4341 1259 4421 quia
1299 4354 1442 4404 tunc
1481 4343 1696 4424 probat
1736 4342 1926 4405 exitus
1966 4355 2115 4407 acta.

465 4441 598 4501 Rex
638 4439 744 4520 qui
783 4438 1010 4503 laudari
1049 4439 1214 4520 cupit
1253 4452 1315 4504 et
1354 4441 1434 4504 de
1475 4441 1594 4504 fine
1635 4439 1817 4516 beari,
