3434 5142
1072 501 1360 566 LIBER
1417 502 1890 568 SEPTIMUS
2460 504 2582 582 287

541 661 670 721 Stat
711 678 866 735 care,
913 670 1150 739 statque
1190 680 1396 723 comes
1436 663 1692 739 spiritus,
1738 682 1890 723 vnus
1930 664 2135 725 home.

543 760 685 819 Hec
725 776 864 819 ατο
903 777 1024 836 que
1064 760 1258 819 carnis
1299 769 1439 844 sunt
1479 762 1675 835 sentit,
1720 761 1959 839 spiritus
1998 764 2117 823 alta

542 854 750 917 Sidera
790 856 1044 933 suspirat
1083 867 1146 917 et
1185 876 1296 917 sua
1334 859 1462 917 iura
1501 860 1666 935 petit.

624 953 754 1014 Stat
793 954 1080 1015 formatus
1123 956 1326 1029 hom0,
1369 958 1616 1016 miratur
1653 972 1841 1033 seque
1881 974 2142 1035 suosque

545 1052 782 1126 Gestus,
825 1062 888 1113 et
929 1054 1122 1113 nescit
1160 1054 1312 1130 quid
1351 1052 1428 1113 sit
1467 1061 1528 1114 et
1567 1053 1648 1114 ad
1690 1054 1839 1132 quid
1880 1054 2102 1117 homo:

542 1149 826 1225 Corporis
866 1150 1130 1209 officium
1169 1151 1432 1224 miratur,
1475 1149 1745 1211 membra
1782 1152 2033 1226 mouen',

543 1248 940 1325 Artificesque
979 1266 1193 1308 manus
1233 1248 1632 1326 articulosque
1671 1246 1914 1326 pedum.

546 1346 728 1404 Artus
769 1346 1072 1419 distendit,
1116 1345 1391 1407 dissoluit
1430 1346 1689 1419 brachia,
1732 1346 1947 1424 palmis

547 1440 830 1519 Corporis
871 1452 1142 1503 attractat
1183 1444 1414 1521 singula
1455 1442 1727 1504 membra
1764 1445 1857 1503 sui
1884 1464 1899 1505 t
2498 1468 2594 1518 550

549 1539 626 1598 In
667 1557 732 1598 se
771 1541 920 1617 quid
960 1542 1151 1601 cernit
1190 1560 1323 1602 sese
1361 1541 1622 1615 miratur,
1667 1550 1730 1601 et
1768 1542 1961 1617 ipsam

548 1636 750 1711 Quam
789 1635 939 1715 gerit
978 1640 1234 1717 effigiem
1275 1657 1401 1700 non
1441 1639 1606 1701 videt
1647 1656 1781 1699 esse
1820 1657 2027 1701 suame

551 1734 804 1796 Miratur
843 1737 1057 1797 faciem
1100 1748 1252 1799 terre
1291 1737 1602 1815 variasque
1643 1738 1877 1816 figuras,

550 1836 630 1896 Et
671 1835 814 1912 quia
853 1854 980 1896 non
1021 1838 1192 1897 nouit
1233 1836 1497 1909 nomina,
1541 1836 1733 1895 nescit
1773 1854 1897 1896 eas.

547 1932 751 1993 Erexit
791 1934 1004 2007 vultus,
1051 1952 1122 1994 os
1161 1932 1508 1994 sublimauit
1546 1933 1610 1993 in
1649 1933 1857 2005 altum,

551 2031 630 2091 Se
671 2031 822 2107 rapit
861 2030 944 2091 ad
983 2048 1246 2108 superos,
1291 2031 1532 2107 spiritus
1571 2029 1733 2090 vnde
1774 2030 1923 2091 fuit:

553 2128 808 2187 Miratur
847 2129 958 2189 celi
1000 2127 1261 2205 speciem
1301 2129 1678 2205 formamque
1715 2126 2057 2201 rotundam,

559 2224 836 2286 Sidereos
877 2237 1077 2286 motus
1119 2224 1548 2302 stelliferasque
1588 2224 1845 2285 domest

556 2323 685 2383 Stat
725 2341 920 2383 nouus
961 2323 1248 2383 attonitus
1291 2323 1512 2399 hospes
1553 2336 1883 2399 secumque
1922 2321 2193 2395 revoluit,

557 2418 727 2495 Quid
767 2419 883 2480 sibi
925 2439 1046 2498 que
1085 2421 1274 2481 cernit
1313 2438 1564 2497 corpora
1603 2430 1771 2479 tanta
1808 2420 2011 2480 velint.
2504 2429 2603 2492 560

559 2518 984 2595 Noticiarnque
1023 2528 1226 2578 tamen
1267 2518 1350 2577 illi
1393 2528 1603 2578 natura
1643 2516 1975 2591 ministrat3

558 2616 745 2691 Quod
786 2616 862 2675 sit
902 2616 1104 2685 home,
1151 2616 1318 2693 quod
1359 2625 1500 2675 sunt
1537 2615 1654 2675 ista
1692 2626 1890 2675 creata
1928 2612 2128 2676 videt:

558 2713 746 2788 Quod
786 2714 864 2771 sit
903 2714 982 2773 ad
1018 2713 1316 2773 humanos
1355 2730 1498 2789 ysus
1537 2711 1638 2772 hic
1675 2712 1959 2772 conditus
1999 2712 2178 2785 orbis,

559 2810 746 2885 Quod
787 2810 864 2870 sit
903 2812 958 2871 ei
1001 2811 1274 2888 proprius
1313 2810 1595 2884 munduS,
1641 2820 1702 2871 et
1743 2811 1875 2887 ipse
1914 2809 2037 2871 dei.

558 2909 748 2968 Ardet
788 2907 850 2967 in
892 2907 1150 2969 auctoris
1193 2907 1350 2969 illius
1389 2926 1602 2969 sensus
1639 2926 1931 2983 amorem,

560 3006 814 3083 Iamque
855 3005 1206 3085 recognouit
1246 3006 1397 3084 quid
1436 3007 1514 3067 sit
1553 3024 1754 3067 amare
1794 3006 1997 3065 deum.

470 3204 590 3269 Hic,
643 3206 920 3276 loquitur
977 3208 1160 3276 quod,
1217 3222 1423 3275 eano
1480 3210 1733 3263 creator
1790 3206 2071 3261 omnium
2117 3205 2273 3260 dena
2318 3206 2610 3275 singula·

399 3294 584 3349 haina
619 3295 834 3349 mundi
870 3294 1134 3363 deliciae
1167 3296 1316 3351 vani
1351 3294 1630 3349 subdidit
1663 3294 1961 3357 humano,
1994 3294 2253 3361 &gnum
2282 3296 2386 3349 eat
2422 3295 2608 3362 quod,

399 3382 564 3436 sicut
620 3382 813 3437 homo
869 3382 1114 3437 delicus
1159 3383 1498 3437 secundum
1545 3395 1773 3451 corpus
1818 3382 2066 3447 fruitur,
2116 3381 2211 3437 ita
2268 3382 2609 3437 “candum

402 3470 690 3538 spirltum
733 3470 852 3525 deo
895 3470 1170 3525 creatori
1208 3484 1325 3525 suo
1367 3472 1622 3538 gratum
1663 3470 2033 3538 obsequium
2076 3482 2216 3524 cum
2250 3469 2607 3538 graciarum

403 3558 664 3612 accione
699 3560 840 3613 toto
876 3557 1068 3613 corde
1104 3555 1428 3627 rependat.

198 3678 397 3755 Capm.
425 3678 523 3738 vii.
649 3678 784 3753 Dic,
827 3679 1046 3753 Adam,
1090 3678 1208 3753 dic,
1258 3678 1393 3739 Eua
1431 3694 1664 3756 parens,
1707 3677 1809 3739 dic
1850 3696 2003 3738 vnus
2042 3688 2105 3737 et
2144 3677 2306 3750 alter,

570 3774 688 3836 Dic
728 3775 839 3836 tibi
882 3778 932 3837 si
975 3776 1131 3838 desit
1169 3774 1366 3855 gracia
1403 3778 1582 3854 plena
1623 3776 1741 3837 dei.

565 3874 805 3936 Cuncta
845 3872 963 3934 tuis
1003 3874 1261 3951 pedibus
1301 3873 1574 3947 subiecit,
1616 3891 1888 3951 oueeque
1927 3873 2257 3950 bouesque,

568 3970 651 4031 Et
690 3972 962 4032 volucres
1001 3970 1116 4032 celi
1155 3970 1593 4049 pisciculosque
1633 3970 1849 4032 maris:
2512 3992 2612 4045 570

571 4068 688 4143 En,
731 4069 1030 4129 elementa
1067 4068 1194 4145 tibi,
1239 4070 1347 4143 sol,
1390 4088 1508 4144 aer,
1552 4068 1764 4145 sidera,
1808 4068 2000 4143 tellus,

576 4164 798 4226 Diuitis
838 4168 1002 4227 vnda
1041 4168 1238 4241 maris,
1281 4180 1478 4227 cetera
1517 4184 1761 4245 queque
1800 4168 2022 4228 fauent.

573 4264 804 4324 Auctor
843 4265 1008 4325 enim
1046 4282 1244 4325 rerum
1283 4265 1372 4325 sic
1409 4282 1505 4325 res
1544 4265 1827 4339 decreuit,
1870 4275 1935 4326 vt
1972 4263 2137 4327 orbis

575 4362 838 4441 Queque
876 4371 1144 4423 creatura
1181 4372 1646 4441 consequeretur
1685 4380 1824 4423 eum
1848 4383 1869 4439 ;

1255 4484 1358 4545 562
1390 4483 1534 4550 aunt]
1561 4484 1666 4533 sint
1685 4482 1779 4534 ΟΕ
