3434 5142
1192 463 1477 529 LIBER
1536 463 1900 531 PRIMUS
2568 490 2642 549 71

611 626 689 685 Et
729 622 992 702 gelidum
1038 624 1293 683 Boream
1336 623 1810 701 precipitemque
1853 623 2161 687 Nothum:

608 722 885 799 Quatuor
924 721 1007 781 hii
1050 721 1213 781 venti
1254 732 1453 799 partes
1492 739 1599 798 per
1638 733 1896 799 quatuor
1937 721 2098 783 orbis

608 822 657 881 F
657 821 801 893 lant,
845 838 959 879 nec
996 819 1212 881 obesse
1252 820 1375 881 suis
1418 818 1657 881 flatibus
1697 820 1816 879 vlla
1856 830 2102 897 queunt.

609 917 827 978 Nostra
866 934 973 994 per
1010 916 1293 977 aduersas
1332 917 1525 993 agitur
1563 918 1803 977 fortuna
1843 918 2148 994 procellaS,

607 1014 778 1074 Sorte
818 1032 933 1074 nec
972 1014 1090 1075 vlla
1132 1032 1267 1077 mea
1308 1013 1527 1078 tristior
1566 1032 1699 1075 esse
1741 1024 1956 1091 potest.
2519 1029 2646 1093 1780

607 1111 779 1170 Talia
818 1109 1117 1187 fingebam
1160 1110 1377 1175 misero
1418 1110 1600 1173 michi
1642 1112 1764 1171 fata
1805 1112 2012 1188 parari,

610 1209 1039 1286 Demeritoque
1079 1226 1221 1269 meo
1261 1208 1433 1273 rebar
1471 1209 1684 1271 adesse
1726 1210 1968 1272 malum.

605 1307 703 1367 Sic
746 1324 986 1367 mecum
1026 1307 1341 1380 meditans,
1384 1307 1567 1369 tacito
1608 1305 1723 1369 sub
1765 1326 2068 1372 murmure
2108 1309 2248 1383 dixi,

608 1409 625 1435 ‘
644 1406 783 1466 Hec
824 1405 1011 1466 modo
1050 1423 1171 1482 que
1209 1405 1413 1483 pacior
1452 1404 1689 1483 propria
1727 1407 1908 1483 culpa
1947 1407 2118 1469 tulit?

606 1503 747 1563 Non
788 1504 961 1563 latuit
1000 1503 1323 1580 quicquam
1365 1502 1673 1579 culparum
1714 1504 1913 1567 cordis
1957 1504 2017 1565 in
2058 1516 2246 1577 antro,

601 1600 769 1677 Quin
810 1600 997 1677 magis
1036 1599 1117 1661 ad
1160 1609 1429 1661 mentem
1469 1600 1703 1677 singula
1744 1601 1900 1661 facta
1941 1601 2153 1663 refert:

603 1699 724 1760 Cor
763 1698 949 1759 miehi
984 1707 1417 1759 commemorat
1454 1699 1748 1761 scelerum
1787 1700 2110 1761 commissa
2149 1718 2436 1775 meorum,

602 1796 683 1855 Vt
723 1796 913 1872 magis
954 1805 1201 1857 exacuat
1240 1794 1441 1857 cordis
1481 1814 1699 1873 ymago
1739 1814 1968 1874 preces„

604 1894 661 1955 N
664 1913 744 1955 on
786 1894 898 1956 fuit
938 1912 1011 1957 ex
1050 1894 1271 1957 sanctis
1313 1910 1497 1972 quem
1540 1911 1665 1957 non
1708 1914 1844 1972 mea
1885 1896 2086 1973 lingua
2126 1907 2414 1974 precatur,

603 1996 765 2053 Dum
808 1991 985 2052 maris
1027 1992 1330 2057 interitum
1372 1992 1577 2069 preuia
1618 1994 1788 2071 signa
1828 2006 2074 2071 parant:
2513 2015 2644 2071 1790

602 2095 937 2153 Accensam
977 2090 1197 2151 summi
1240 2089 1519 2167 precibus
1560 2091 1824 2154 mulcere
1863 2104 2102 2168 paratus

604 2190 779 2263 Iram,
822 2208 962 2249 cum
1003 2188 1261 2253 lacrimis
1300 2189 1387 2249 sic
1430 2206 1566 2251 mea
1606 2187 1790 2251 verba
1831 2188 1992 2253 dedi.

684 2341 699 2370 ‘
716 2337 1013 2400 Conditor
1053 2334 1111 2397 Ο
1152 2335 1383 2413 generis
1426 2334 1691 2411 humani,
1736 2336 1932 2398 Criste
1973 2335 2332 2414 redemptor,

602 2436 709 2497 Est
750 2436 880 2496 sine
920 2452 1044 2511 quo
1087 2432 1299 2493 melius
1340 2432 1425 2492 nil
1465 2434 1559 2493 vel
1602 2433 1663 2492 in
1706 2432 1855 2494 orbe
1894 2431 2144 2507 bonurn,

602 2533 834 2607 Dixisti,
878 2549 997 2610 que
1037 2542 1144 2591 tuo
1185 2539 1325 2589 sunt
1366 2531 1571 2591 omnia
1610 2530 1856 2591 condita
1897 2531 2097 2606 verbe,

601 2631 923 2705 Mandasti,
968 2648 1089 2707 que
1129 2630 1331 2689 statim
1372 2640 1590 2689 cuncta
1631 2640 1829 2689 creata
1870 2639 2113 2706 patent3

599 2729 796 2806 Inque
836 2737 943 2789 tuo
983 2725 1169 2787 verbo
1209 2728 1323 2787 celi
1365 2728 1711 2801 formantur,
1756 2736 1815 2787 et
1856 2745 2102 2789 omnem

600 2828 849 2904 Spiritus
890 2836 1167 2886 ornatum
1207 2827 1430 2891 fecerat
1470 2826 1613 2887 inde
1653 2836 1809 2887 tuus,

599 2925 712 2984 Per
750 2934 812 2985 te
853 2934 994 2985 sunt
1034 2933 1096 2984 et
1135 2942 1307 3001 aque,
1352 2934 1547 2983 certus
1589 2942 1834 3001 quoque
1875 2924 2162 2985 terminus
2203 2924 2332 2997 illis,

602 3024 711 3083 Est
750 3040 858 3100 per
898 3031 959 3083 te
999 3022 1180 3100 piscis
1221 3031 1282 3081 et
1322 3022 1501 3081 maris
1543 3040 1726 3082 omne
1766 3037 1994 3101 genus:
2514 3033 2642 3084 1800

598 3124 757 3181 Aera
796 3139 935 3180 cum
976 3138 1197 3197 genere
1236 3118 1545 3179 volucrum
1588 3136 1867 3179 sermone
1907 3119 2137 3194 creasti,

598 3220 875 3294 Quatuor
914 3227 975 3278 et
1015 3226 1199 3279 vento
1238 3214 1505 3293 partibus
1543 3234 1647 3276 ora
1688 3216 1912 3278 dabas:

598 3313 1160 3393 Cunctipotensque
1199 3324 1307 3375 tuo
1348 3314 1610 3375 fundasti
1654 3314 1902 3374 numine
1943 3324 2174 3388 terram,

598 3414 752 3473 Fixit
792 3431 975 3490 quarn
1017 3412 1293 3473 stabilem
1335 3412 1623 3489 prouidus
1665 3412 1818 3471 ordo
1857 3420 2030 3473 tuus:

595 3512 953 3587 Cunctaque
994 3510 1287 3588 terrigena
1327 3511 1539 3569 viuunt
1580 3508 1860 3569 animalia
1901 3526 2007 3585 per
2046 3518 2126 3583 te,

597 3608 846 3685 Subque
888 3620 992 3668 tua
1032 3608 1163 3685 lege
1201 3608 1411 3687 reptile
1452 3607 1740 3687 quodque
1780 3615 2004 3667 mouet.

594 3706 760 3767 Sicut
798 3725 1016 3784 ymago
1056 3714 1161 3766 tua
1200 3706 1446 3766 tandem
1488 3706 1597 3765 fuit
1640 3716 1700 3765 et
1741 3706 1994 3765 racionis

596 3804 815 3865 Factus
855 3804 1057 3879 homo,
1102 3803 1270 3887 quod
1311 3821 1463 3880 opus
1504 3802 1581 3863 sit
1621 3820 1800 3879 super
1841 3818 2024 3862 omne
2063 3811 2276 3877 tuum3

596 3901 720 3978 Qui
762 3910 1040 3979 precepta
1080 3910 1185 3961 tua
1225 3900 1406 3961 veteri
1449 3910 1724 3979 serpente
1765 3898 2049 3959 subactus

596 4000 862 4075 Pteterit,
906 4010 966 4060 et
1006 4000 1172 4077 pomi
1214 4018 1373 4067 mors
1417 3998 1531 4060 sibi
1572 4016 1806 4057 morsus
1848 4006 1993 4056 erat.
2511 4008 2644 4059 1810

596 4099 699 4159 Set
741 4098 964 4175 pietate
1002 4095 1110 4157 tibi
1153 4098 1321 4176 quod
1363 4116 1503 4157 eum
1547 4096 1626 4160 de
1668 4105 1861 4157 morte
1900 4113 2183 4170 resumaS,

593 4196 854 4274 Virginis
895 4214 970 4257 ex
1011 4214 1189 4257 carne
1230 4206 1298 4256 tu
1339 4214 1479 4257 caro
1522 4196 1713 4256 factus
1755 4214 1886 4256 eras
1904 4216 1923 4270 3

594 4295 815 4374 sicque
854 4312 1070 4373 parens
1111 4294 1297 4357 nostri
1338 4295 1571 4373 generis
1612 4294 1693 4357 de
1733 4296 1928 4355 carnis
1969 4314 2173 4357 amore

502 4435 627 4497 ¹77⁶
657 4434 855 4485 borium
880 4433 970 4484 (ΞΕ
1038 4441 1215 4485 notum
1239 4433 1282 4483 C
1484 4435 1611 4497 1788
1644 4434 1814 4485 cordis
1838 4434 1878 4486 S
1945 4434 2138 4486 mentis
2160 4430 2532 4509 CEHQDTffi
