3434 5142
790 460 878 550 84

1491 466 1690 531 VOX
1751 466 2295 531 CLAMANTIS

958 628 1019 689 Si
1061 627 1204 689 dare
1243 646 1368 688 non
1410 644 1654 705 possum
1697 643 1964 697 munera,
2004 624 2186 686 verba
2229 624 2409 686 dabo.

955 728 1241 786 Attamen
1283 725 1345 784 in
1387 724 1638 784 domino
1677 724 1947 784 credenti
1991 723 2153 783 nulla
2189 722 2441 782 facultas

959 824 1071 883 Est
1113 822 1514 899 impossibiliS,
1556 822 1706 881 >dum
1751 821 1909 881 bene
1950 822 2131 881 sentit
2170 838 2345 898 opus,

1039 920 1254 982 Gracia
1295 937 1478 996 quern
1520 918 1700 980 Cristi
1744 918 1909 989 ditat,
1954 935 2079 977 non
2119 917 2348 995 indiget
2391 918 2531 992 ille;

958 1018 1161 1093 Quem
1203 1016 1352 1077 deus
1392 1025 1741 1093 augmentat
1779 1015 2050 1092 possidet
2091 1016 2279 1075 immo
2318 1016 2497 1074 satis:

957 1114 1224 1176 Grandia
1263 1113 1343 1175 de
1383 1114 1626 1175 modico
1667 1131 1849 1174 sensu
1890 1112 2257 1189 quandoque
2296 1121 2594 1189 parantur,

957 1213 1271 1289 Paruaque
1311 1229 1454 1288 sepe
1495 1228 1708 1271 manus
1752 1208 1957 1287 predia
1997 1228 2213 1287 magna
2251 1208 2429 1273 facit:
2942 1228 3005 1285 70

958 1309 1172 1385 Sepius
1213 1309 1482 1385 ingentes
1523 1308 1625 1367 lux
1665 1308 1831 1385 pellit
1871 1326 2055 1384 parua
2094 1306 2388 1379 tenebras

959 1406 1219 1467 Riuulus
1259 1417 1322 1469 et
1361 1407 1568 1468 dulces
1610 1424 1753 1483 sepe
1794 1406 2086 1465 ministrat
2126 1423 2332 1482 aquas.

960 1504 1214 1566 Constat
1253 1504 1494 1565 difficile
1535 1504 1760 1563 iustum
1803 1503 1986 1562 nichil
2028 1520 2161 1563 esse
2200 1502 2463 1577 volenti3

960 1604 1042 1662 Vt
1081 1602 1236 1677 v010,
1281 1602 1368 1661 sic
1406 1600 1656 1681 verbum
1695 1600 1801 1661 det
1840 1601 1991 1661 deus
2032 1618 2173 1678 ergo
2214 1619 2437 1661 meum.

964 1701 1108 1761 Non
1149 1710 1350 1760 tamen
1393 1718 1466 1761 ex
1506 1699 1758 1777 propriis
1800 1699 1997 1759 dicam
2040 1717 2161 1776 que
2200 1698 2383 1759 verba
2422 1710 2727 1776 sequntur,

969 1798 1071 1859 Set
1111 1798 1272 1859 velut
1313 1798 1634 1858 instructus
1675 1798 1932 1857 nuncius
1974 1798 2075 1857 illa
2114 1798 2259 1859 fero.

963 1898 1184 1957 Lectus
1226 1904 1288 1955 vt
1328 1904 1420 1956 est
1461 1895 1632 1956 variis
1675 1895 1890 1955 florum
1930 1895 2009 1955 de
2050 1895 2317 1973 germine
2356 1894 2547 1966 fauuS,

965 1996 1271 2071 Lectaque
1311 1994 1554 2055 diuerso
1592 1994 1765 2053 litore
1806 1994 2041 2053 concha
2081 1993 2262 2063 venit,

966 2092 1064 2151 Sic
1105 2091 1289 2151 michi
1330 2090 1567 2151 diuersa
1606 2090 1941 2151 tribuerunt
1981 2090 2102 2151 hoc
2142 2088 2296 2166 opus
2338 2108 2464 2163 ora,

966 2189 1047 2248 Et
1088 2189 1248 2248 visus
1289 2188 1432 2248 varii
1473 2196 1615 2247 sunt
1649 2186 1835 2247 michi
1874 2205 2057 2247 causa
2097 2184 2272 2249 libri:
2942 2198 3008 2245 80

967 2286 1302 2345 Doctorum
1343 2294 1610 2346 veterum
1651 2302 1790 2345 mea
1830 2285 2093 2343 oermina
2136 2283 2515 2344 fortificando

966 2382 1245 2442 Pluribus
1283 2382 1573 2460 exemplis
1613 2383 1831 2460 scripta
1870 2382 2052 2443 fuisse
2092 2400 2255 2453 reor„

965 2482 1103 2542 Vox
1142 2481 1454 2541 clamantis
1495 2480 1606 2541 erit
1646 2498 1993 2558 nomenque
2033 2481 2352 2541 voluminis
2393 2480 2586 2555 huius»,

969 2579 1155 2654 Quod
1197 2578 1312 2640 sibi
1351 2580 1569 2659 scripta
1610 2580 1755 2639 noui
1796 2578 1977 2641 verba
2016 2572 2239 2640 doloris
2282 2578 2483 2639 habet.
2552 2586 2556 2591 '

877 2989 994 3044 Hic
1053 2990 1224 3054 dicit,
1280 2990 1620 3046 secundum
1677 2990 1844 3059 quod
1904 2990 1982 3046 de
2041 2991 2317 3046 clamore
2377 2989 2690 3045 communi
2751 2988 3012 3051 audiuit,

809 3078 1079 3143 qualiter
1125 3079 1338 3132 status
1386 3081 1453 3133 et
1495 3078 1652 3132 ordo
1695 3077 1911 3132 mundi
1958 3077 2250 3146 precipue
2296 3077 2365 3131 in
2410 3076 2701 3145 partibus
2748 3076 2898 3131 istis
2946 3075 3013 3127 in

809 3164 988 3231 peius
1035 3164 1466 3233 multipliciter
1510 3164 1879 3229 vax-lantum
1943 3167 2011 3220 et
2058 3163 2367 3232 quomodo
2425 3178 2615 3232 nuper
2656 3163 2781 3218 hoc
2826 3177 3015 3218 vnus·

810 3250 1075 3318 quisque
1096 3250 1419 3307 fortunam
1443 3253 1731 3306 accusat.

671 3611 866 3685 Capm.
897 3611 933 3669 i.

1337 3466 1342 3469 ’
1451 3462 1696 3535 Incipit
1734 3462 1911 3521 liber
1951 3459 2339 3523 Secundus.

1062 3612 1294 3671 noeusti
1334 3611 1535 3688 specie
1575 3612 1849 3671 lacrimas
1891 3610 2070 3684 dabo,
2111 3611 2191 3672 de
2231 3610 2451 3689 quibus
2494 3611 2622 3689 ipse

1103 3707 1371 3768 Scribam
1411 3728 1551 3768 cum
1594 3710 1827 3768 calamo
1870 3709 1948 3769 de
1991 3708 2280 3785 grauitate
2320 3727 2506 3768 nouo.

975 3807 1127 3866 Esse
1168 3807 1357 3866 virum
1399 3825 1620 3867 vanum
1661 3806 1949 3867 Salomon
1990 3806 2093 3866 dat
2134 3816 2195 3866 et
2235 3806 2440 3866 omnia
2480 3824 2649 3879 vana,

976 3904 1218 3979 Datque
1259 3902 1442 3963 nichil
1483 3903 1722 3963 firmum
1764 3913 1958 3979 preter
1996 3920 2196 3963 amare
2237 3903 2440 3962 deum.

975 4000 1294 4078 Quotquot
1336 4011 1660 4061 nascuntur
1697 4020 1817 4061 vox
1855 4001 1969 4060 illis
2010 4001 2201 4077 prima
2242 4000 2482 4072 doloriS,

978 4097 1198 4175 Incipit
1237 4117 1274 4160 a
1315 4098 1458 4158 fletu
1499 4100 1701 4160 viuere
1741 4099 2011 4176 quisquis
2050 4099 2273 4158 homo:

975 4195 1207 4256 Omnes
1250 4206 1386 4271 post
1425 4196 1729 4255 lauacrum
1770 4196 2094 4273 temptacio
2136 4196 2325 4255 multa
2364 4194 2585 4273 fatigat,

977 4293 1273 4369 Demonis
1313 4311 1428 4369 ars,
1467 4294 1660 4353 oernis
1702 4312 1920 4373 pugna,
1963 4294 2187 4371 cupido
2228 4292 2460 4371 grauis:

1239 4448 1361 4513 Cap.
1387 4448 1419 4498 i.
1446 4448 1478 4499 8
1511 4462 1686 4511 pugna
1707 4448 1895 4499 CEDL
1959 4463 2171 4512 pungne
2193 4446 2233 4499 S
2302 4462 2515 4511 pungna
2540 4446 2593 4500 H
