3434 5142
1160 494 1445 568 LIBER
1500 495 1930 573 QUINTUS
2517 521 2643 582 227

604 657 713 717 Est
756 657 993 736 grauior
1032 657 1264 734 plumbi
1306 676 1503 718 massa
1544 659 1631 718 sic
1669 659 1900 735 garrula
1940 657 2156 737 lingua,

600 756 878 816 Pondere
918 754 1031 816 sub
1072 756 1243 822 cuius
1284 757 1503 817 corruit
1541 756 1701 822 vrbis
1744 758 1951 818 honor.

604 853 727 928 Qui
768 853 927 913 mala
967 854 1093 918 vult
1131 853 1264 919 vrbi
1304 855 1574 915 conciuis
1614 855 1843 917 nesciat
1883 854 2110 930 vrbem,

605 953 797 1010 Ianua
836 951 1030 1010 fallaci
1072 970 1187 1012 nec
1226 952 1304 1014 sit
1342 963 1546 1029 aperta
1586 952 1711 1014 viro
1737 975 1752 1013 ε

603 1048 725 1108 Ore
765 1048 907 1114 licet
946 1048 1171 1125 duplex
1212 1049 1345 1113 talis
1386 1059 1561 1111 canat
1602 1047 1762 1118 vrbis
1803 1050 2112 1125 honorem,

600 1145 804 1208 Corde
845 1146 1025 1206 silens
1066 1146 1245 1207 tacite
1286 1148 1515 1208 semina
1556 1148 1777 1209 fraudis
1817 1148 2038 1213 habeti

602 1245 769 1306 Sicut
807 1262 969 1321 aqua.
1008 1245 1189 1322 piscis
1228 1246 1464 1323 gaudet,
1506 1245 1724 1306 letatur
1763 1247 1961 1324 iniqus

606 1344 769 1403 Dum
813 1343 977 1403 videt
1017 1343 1257 1410 alterius
1298 1343 1563 1420 dampna
1604 1353 1807 1420 patere
1846 1345 2053 1423 magis.

604 1441 859 1500 Fontem
900 1441 1049 1500 dum
1090 1441 1255 1500 solus
1294 1459 1681 1501 communem
1725 1442 1946 1502 toxicat
1983 1461 2156 1516 vnuS,

602 1536 781 1599 Plebs
822 1539 976 1616 perit
1016 1548 1075 1599 et
1116 1539 1299 1615 pestis
1338 1557 1557 1616 magna
1597 1550 1844 1617 repente
1884 1541 2080 1602 venit:
2543 1562 2646 1614 940

604 1636 769 1697 Ciuis
812 1637 916 1714 qui
958 1637 1121 1706 ciues
1162 1636 1481 1697 conturbat
1520 1647 1582 1698 et
1621 1639 1906 1716 opprimit
1947 1658 2177 1713 omneS,

602 1734 807 1794 Exulis
846 1745 950 1794 aut
990 1735 1197 1796 mortis
1240 1737 1315 1802 sit
1363 1733 1478 1796 sibi
1519 1753 1676 1813 pena
1714 1737 1894 1814 priuS.

602 1833 767 1891 Dum
808 1832 960 1892 dens
1001 1833 1165 1894 solus
1204 1834 1343 1906 olet,
1384 1843 1579 1894 totum
1620 1844 1802 1910 caput
1843 1833 2034 1895 inficit
2075 1834 2192 1908 ille,

598 1929 661 1989 Si
702 1930 843 1989 foris
884 1931 1219 2004 extrahitur,
1264 1942 1457 1991 cessat
1496 1930 1577 1991 ab
1618 1931 1762 1991 inde
1803 1932 2012 2006 dolor3

598 2027 697 2087 Sic
737 2027 899 2104 prius
939 2037 1233 2088 extractus
1272 2029 1349 2088 sit
1389 2029 1539 2089 ciuis
1580 2029 1643 2088 in
1684 2026 1830 2088 vrbe
1871 2028 2178 2106 malignuS,

602 2125 803 2200 Quam
844 2124 1037 2184 ciuilis
1078 2125 1273 2186 honor
1312 2126 1523 2202 perdat
1563 2127 1625 2184 in
1666 2125 1814 2186 vrbe
1855 2126 2076 2186 locum.

601 2222 861 2298 Expedit
900 2241 1052 2286 vnus
1094 2223 1255 2283 enim
1296 2223 1596 2297 moriatur,
1642 2241 1722 2283 ne
1762 2223 1934 2300 quasi
1975 2232 2102 2294 tota

600 2321 767 2380 Gens
807 2331 1009 2397 pereat
1049 2322 1173 2381 lesa
1214 2321 1293 2381 de
1330 2321 1619 2399 grauitate
1658 2339 1782 2382 sua.
1869 2393 1880 2404 Ο

681 2476 861 2539 Vrbis
902 2488 1111 2552 rector,
1152 2496 1263 2556 age
1304 2478 1470 2555 quod
1512 2479 1587 2540 sit
1628 2477 1966 2550 concordia,
2013 2495 2133 2556 que
2174 2478 2278 2539 dat

600 2576 853 2635 Pacem:
912 2594 1027 2652 pax
1066 2575 1289 2636 etenim
1331 2593 1613 2653 prospera
1653 2585 1871 2636 cuncta
1911 2576 2078 2653 parit.
2542 2599 2643 2652 950

602 2673 745 2732 Non
788 2683 961 2734 sonet
1002 2673 1065 2732 in
1106 2673 1343 2750 populis
1384 2693 1580 2734 sermo
1622 2683 1762 2734 tuus
1803 2675 2210 2750 impetuosus3

603 2770 899 2832 Dulcibus
939 2782 1031 2832 est
1070 2772 1265 2832 verbis
1307 2772 1468 2833 vrbis
1508 2773 1760 2833 alendus
1801 2790 1988 2832 amor.

603 2868 979 2947 Obsequium
1022 2871 1321 2949 tigresque
1367 2872 1575 2931 domat
1614 2870 2001 2948 tumidosque
2040 2869 2264 2943 leoneS,

603 2967 855 3028 Rustica
893 2968 1179 3046 paulatim
1221 2979 1423 3030 taurus
1463 2980 1653 3029 aratra
1695 2967 1894 3044 subit;

600 3065 698 3124 Sic
737 3063 851 3126 sibi
893 3066 1059 3148 quod
1101 3076 1424 3144 nequeunt,
1469 3066 1624 3125 valet
1665 3066 1784 3125 hoc
1823 3064 2164 3142 prudencia,
2209 3065 2380 3143 vireS,

602 3164 987 3242 Comptaque
1028 3164 1107 3224 de
1148 3163 1305 3223 facili
1346 3163 1614 3239 pondere
1654 3163 1918 3239 complet
1960 3180 2132 3240 opus,

603 3263 747 3323 Non
788 3263 929 3322 satis
970 3279 1087 3320 vna
1129 3271 1292 3320 tenet
1332 3260 1579 3338 agitatas
1620 3260 1883 3320 anchora
1922 3278 2172 3337 puppeS‚

604 3361 737 3420 Nec
778 3360 920 3420 satis
961 3369 1051 3419 est
1093 3358 1334 3436 liquidis
1374 3358 1583 3418 vnicus
1624 3359 1839 3417 hamus
1881 3359 2090 3436 aquis3

600 3458 741 3518 Sola
781 3477 895 3518 nec
934 3476 1053 3517 vna
1094 3457 1201 3515 viri
1241 3473 1496 3534 persona
1536 3464 1737 3532 potest
1777 3454 1910 3515 sine
1948 3454 2142 3533 plebis

604 3556 843 3616 Auxilio
886 3565 1130 3615 cunctas
1170 3553 1329 3614 vrbis
1371 3551 1592 3614 habere
1630 3553 1804 3616 vices
2540 3561 2644 3630 960

603 3654 915 3730 Principiis
957 3651 1145 3728 obsta,
1190 3653 1240 3712 si
1281 3661 1347 3712 tu
1388 3661 1577 3729 potes,
1622 3661 1727 3712 aut
1767 3652 2064 3729 sapienter

602 3753 854 3813 Discute
895 3751 1177 3829 paulatim
1222 3751 1389 3829 quod
1430 3751 1641 3828 nequis
1684 3751 1812 3826 ipse
1852 3749 2064 3810 simul:

603 3849 907 3927 Tempora
946 3849 1094 3909 dum
1133 3849 1347 3909 veteris
1389 3849 1588 3925 queris
1628 3847 1942 3907 temeraria
1982 3847 2246 3922 dampni,

601 3948 757 4024 Sepe
796 3949 983 4025 magis
1024 3946 1304 4006 morbum
1348 3963 1529 4023 quam
1570 3945 1950 4005 medicamen
1992 3941 2253 4006 habent:

600 4045 889 4108 Curando
929 4045 1057 4104 fieri
1098 4044 1360 4121 quedam
1400 4044 1626 4104 maiora
1665 4043 1941 4104 videmus

600 4144 885 4218 Vulnera,
928 4160 1047 4221 que
1087 4142 1301 4202 melius
1343 4159 1465 4201 non
1507 4141 1773 4217 tetigisse
1812 4140 1941 4200 fuit.

600 4242 881 4304 Flumina
919 4258 1136 4318 magna
1176 4239 1343 4299 vides
1386 4239 1585 4316 paruis
1626 4238 1705 4298 de
1745 4237 2012 4298 fontibus
2053 4246 2198 4311 orta,

607 4339 885 4402 Flumina
924 4339 1190 4399 collectis
1232 4336 1702 4412 multiplicantur
1741 4335 1945 4414 aquis:

569 4501 671 4549 949
706 4484 957 4548 Ordinmy
970 4485 1262 4551 paragraph
1288 4483 1475 4537 CEDL
1669 4497 1770 4548 955
1801 4481 1900 4534 sibi
1923 4482 2296 4535 CEHGDLI-In
2360 4483 2442 4535 vbi
2469 4483 2508 4536 S

1466 4583 1509 4638 Q
1540 4589 1571 4628 2
