3434 5142
1056 482 1338 549 LIBER
1399 484 1872 551 SEPTmus
2441 508 2565 570 303

167 646 364 722 Capm.
394 666 484 705 xx.
613 647 892 725 Cumque
933 646 1310 725 repentinum
1352 664 1556 707 casum
1598 646 1799 706 breuis
1841 647 1987 707 hora
2027 648 2299 722 minatur,

531 746 696 805 Dum
735 757 979 807 tenuem
1019 745 1224 805 flatum
1265 745 1509 805 suscitat
1549 762 1693 804 aura
1728 742 1899 819 leui8‚
2364 826 2369 831 ⁸

531 842 702 918 Care,
744 853 1050 903 memento
1089 844 1196 917 tui,
1239 842 1378 920 quis
1414 842 1510 915 sis,
1553 860 1675 916 cur,
1718 843 1881 903 vnde
1920 844 2015 903 vel
2054 844 2135 905 td
2173 845 2335 921 quid,

528 941 642 1001 Vel
682 941 852 1000 cuius
893 941 1084 1001 factus
1123 940 1500 1001 condicionis
1538 958 1704 1015 eras3
2439 965 2566 1002 1110

533 1040 718 1115 Quod
757 1057 896 1099 caro
937 1039 1014 1099 sit
1053 1039 1288 1116 fragiliS,
1331 1038 1506 1099 fallax
1547 1037 1859 1116 facilisque
1896 1039 2145 1113 moueri,

533 1137 730 1196 Prona
771 1136 848 1197 sit
885 1136 966 1197 ad
1007 1137 1194 1213 peius,
1238 1138 1500 1213 pessima
1537 1146 1817 1214 prompta
1856 1136 2045 1213 sequi.

531 1234 780 1311 Spiritus
820 1234 989 1294 hunc
1023 1236 1318 1295 mundum
1359 1243 1598 1312 spernat
1639 1244 1957 1312 speretque
1994 1234 2207 1310 sunna,

533 1332 782 1409 Semper
819 1332 882 1391 in
923 1332 1180 1392 auctoris
1219 1332 1376 1393 fixus
1410 1350 1618 1393 amore
1655 1333 1787 1393 sui:

533 1430 718 1505 Quod
759 1448 898 1489 caro
939 1430 1164 1507 spiritui
1205 1430 1494 1491 subdatur
1532 1448 1795 1509 eumque
1834 1439 2133 1507 sequatur,

535 1526 786 1603 Spiritus
825 1528 1051 1587 auctori
1093 1528 1310 1587 seruiat
1349 1528 1480 1603 ipse
1519 1545 1670 1603 su03

535 1624 720 1700 Quod
760 1636 960 1684 motus
999 1626 1192 1685 carnis
1233 1624 1589 1699 moderetur,
1631 1624 2163 1686 commemoranda

535 1723 646 1782 Est
685 1740 846 1783 mors
887 1734 946 1783 et
987 1741 1144 1800 pena
1187 1725 1394 1784 mortis
1435 1723 1713 1784 habenda
1752 1723 1944 1784 malis.

455 1859 462 1867 -
537 1820 679 1879 Non
720 1820 934 1897 poterit
975 1820 1186 1881 melius
1227 1820 1488 1881 hominis
1527 1838 1667 1881 caro
1705 1820 1845 1880 vina
1884 1819 2135 1895 domari,

537 1918 740 1994 Quam
781 1918 948 1994 quod
989 1928 1190 1979 mente
1229 1928 1393 1995 gerat
1433 1929 1668 1978 mortua
1709 1918 1900 1995 qualis
1940 1916 2068 1978 erit.
2444 1942 2463 1977 1
2477 1942 2497 1977 1
2510 1941 2571 1979 ιο

535 2016 806 2077 Fletibus
843 2017 1116 2091 assiduis,
1160 2029 1252 2077 est
1291 2018 1438 2078 dum
1479 2018 1622 2078 data
1658 2018 1853 2094 gracia
1894 2015 2095 2091 flendi,

537 2114 874 2175 Penituisse
912 2116 1078 2174 iuuat
1118 2123 1336 2192 estque·
1369 2114 1608 2175 salubre
1647 2116 1825 2175 satis:

538 2213 672 2273 Nec
711 2212 862 2273 deus
901 2212 1178 2273 ethereus
1217 2214 1330 2273 hec
1369 2214 1618 2273 crimina
1655 2212 1935 2273 vendicat
1972 2212 2092 2290 vlli,

536 2311 676 2387 Que
715 2312 988 2372 confessa
1028 2312 1243 2372 dolens
1283 2330 1408 2372 non
1450 2312 1706 2372 residiua
1749 2312 1905 2371 facit.

617 2409 741 2484 Qui
781 2427 918 2469 reus
956 2420 1047 2469 est
1085 2408 1264 2487 igitur
1303 2410 1504 2483 home,
1549 2426 1769 2486 penam
1812 2408 2103 2487 temporis
2144 2408 2321 2469 huius

535 2507 852 2581 Sustineat,
897 2508 1094 2568 donec
1135 2508 1324 2568 diluat
1363 2524 1547 2567 omne
1587 2506 1859 2578 malum3

535 2606 619 2664 Vt
658 2606 744 2665 sic
786 2616 1084 2683 purgatus,
1128 2622 1266 2665 cum
1309 2605 1490 2665 iudex
1529 2605 1771 2677 venerit,
1816 2604 1979 2664 iliam

539 2702 798 2779 Effugiat
838 2720 1072 2779 penam,
1117 2720 1238 2779 que
1277 2702 1408 2762 sine
1449 2702 1568 2761 fine
1608 2711 1849 2763 manet:

542 2801 698 2860 Nam
741 2801 845 2878 qui
885 2801 1044 2860 iussa
1083 2800 1182 2861 dei
1223 2818 1348 2859 non
1389 2810 1586 2860 seruat
1626 2810 1686 2859 et
1728 2800 1932 2859 Vltima
1970 2800 2093 2861 vite

540 2898 796 2975 Spectat,
839 2898 920 2959 ad
960 2898 1258 2959 infernum
1297 2898 1528 2976 cogitur
1566 2898 1667 2957 ille
1699 2897 1875 2958 trahi.
2452 2924 2472 2959 ι
2485 2922 2577 2971 130

541 2996 837 3072 Scripture
875 2997 1104 3070 fallunt,
1147 3006 1252 3057 aut
1289 3006 1450 3057 certe
1492 3014 1741 3057 noscere
1782 2995 1973 3056 debes

543 3094 727 3169 Quod
767 3094 920 3153 redit
959 3094 1038 3154 ad
1077 3094 1314 3154 veniam
1354 3094 1452 3153 vix
1490 3094 1763 3153 animalis
1802 3094 2025 3167 hom013

539 3191 750 3251 Victus
790 3191 954 3251 enim
993 3191 1150 3251 vicio
1189 3192 1324 3250 vicii
1367 3192 1435 3251 fit
1474 3208 1698 3262 seruus,
1742 3201 1803 3251 et
1844 3190 1907 3249 in
1949 3208 2017 3251 se

542 3290 682 3348 Non
727 3288 908 3348 habet
946 3289 1276 3349 admissum
1317 3290 1550 3349 soluere
1589 3306 1767 3366 posse
1808 3288 2053 3366 iugum:

541 3386 702 3463 Ergo
741 3404 956 3463 perpes
995 3386 1050 3445 ei
1091 3386 1346 3447 debetur
1384 3404 1541 3463 pena
1582 3404 1847 3459 necesse,

542 3485 664 3560 Qui
707 3484 822 3546 sibi
861 3484 1152 3561 peccandi
1195 3484 1348 3545 velle
1386 3484 1690 3561 perhenne
1732 3485 1891 3543 facit.

621 3584 868 3643 Parcere
909 3601 1128 3661 nempe
1167 3583 1288 3644 deo
1327 3582 1632 3659 proprium
1671 3593 1875 3642 tamen
1914 3591 1977 3643 et
2016 3581 2279 3643 misereri
2322 3592 2429 3657 est,

540 3681 738 3754 Vnde,
779 3681 918 3741 licet
959 3700 1110 3753 sere,
1151 3692 1217 3741 te
1253 3698 1534 3743 reuocare
1575 3680 1769 3740 stude.

542 3780 923 3857 Figmentum
963 3788 1230 3838 nostrum
1273 3779 1460 3850 nouit,
1505 3788 1596 3839 set
1636 3788 1697 3838 et
1737 3778 1867 3855 ipse
1906 3777 2179 3838 medetur

540 3877 818 3937 Tandem
859 3877 1196 3951 contritum,
1242 3876 1344 3954 qui
1389 3876 1540 3953 petit
1580 3875 1708 3935 eius
1750 3892 1958 3952 opemv
2447 3900 2466 3935 1
2482 3900 2577 3951 140

543 3975 686 4033 Non
728 3984 788 4033 te
829 3971 1124 4049 desperes,
1167 3973 1304 4050 pius
1343 3984 1434 4033 est
1474 3972 1641 4047 deus,
1686 3973 1874 4032 immo
1914 3972 2227 4049 deumque

545 4070 668 4145 Qui
709 4079 887 4145 negat
926 4086 1057 4129 esse
1097 4070 1280 4147 pium,
1323 4070 1580 4147 denegat
1620 4088 1753 4129 esse
1792 4070 2015 4131 deum:

547 4167 672 4226 Hic
714 4167 884 4244 quasi
923 4168 1062 4227 fons
1081 4168 1270 4227 vinus
1310 4178 1473 4244 patet
1513 4166 1813 4240 omnibus,
1855 4178 1919 4228 et
1956 4168 2193 4229 vacuari

544 4266 628 4324 Vt
667 4265 804 4325 fons
845 4265 1034 4325 nescit
1073 4266 1261 4341 aquis,
1305 4264 1404 4323 hic
1445 4265 1667 4341 pietate
1707 4263 1935 4341 nequit.

547 4362 653 4423 Set
691 4362 836 4441 quia.
873 4380 1044 4440 spem
1087 4362 1333 4420 nimiam
1373 4362 1755 4439 presumpcio
1792 4379 1937 4439 sepe
1974 4360 2201 4441 fingat,

925 4488 1053 4536 1107
1087 4474 1316 4537 Cumque
1336 4473 1422 4525 sl:
1487 4473 1723 4537 namq-e
1740 4473 2039 4526 CEHGDL
