<?xml version="1.0" encoding="UTF-8"?>
<!DOCTYPE html PUBLIC "-//W3C//DTD XHTML 1.0 Transitional//EN"
    "http://www.w3.org/TR/xhtml1/DTD/xhtml1-transitional.dtd">
<html xmlns="http://www.w3.org/1999/xhtml" xml:lang="en" lang="en">
 <head>
  <title>
</title>
<meta http-equiv="Content-Type" content="text/html;charset=utf-8" />
  <meta name='ocr-system' content='tesseract 3.04.00' />
  <meta name='ocr-capabilities' content='ocr_page ocr_carea ocr_par ocr_line ocrx_word'/>
</head>
<body>
  <div class='ocr_page' id='page_1' title='image "./completeworksjo01macagoog_0223.png"; bbox 0 0 3434 5142; ppageno 0'>
   <div class='ocr_carea' id='block_1_1' title="bbox 1227 488 1987 591">
    <p class='ocr_par' dir='ltr' id='par_1_1' title="bbox 1227 488 1987 591">
     <span class='ocr_line' id='line_1_1' title="bbox 1227 488 1987 591; baseline 0.001 -38"><span class='ocrx_word' id='word_1_1' title='bbox 1227 488 1514 553; x_wconf 80' lang='lat' dir='ltr'><strong>LIBER</strong></span> <span class='ocrx_word' id='word_1_2' title='bbox 1571 488 1987 591; x_wconf 73' lang='lat' dir='ltr'><strong>TERcms</strong></span> 
     </span>
    </p>
   </div>
   <div class='ocr_carea' id='block_1_2' title="bbox 669 636 2447 4435">
    <p class='ocr_par' dir='ltr' id='par_1_2' title="bbox 669 636 2447 1116">
     <span class='ocr_line' id='line_1_2' title="bbox 669 636 2130 711; baseline 0.001 -2"><span class='ocrx_word' id='word_1_3' title='bbox 669 650 871 710; x_wconf 88' lang='lat' dir='ltr'><strong>Immo</strong></span> <span class='ocrx_word' id='word_1_4' title='bbox 911 649 1096 711; x_wconf 89' lang='lat' dir='ltr'><strong>deum</strong></span> <span class='ocrx_word' id='word_1_5' title='bbox 1137 657 1268 709; x_wconf 91' lang='lat' dir='ltr'><strong>toto</strong></span> <span class='ocrx_word' id='word_1_6' title='bbox 1308 646 1506 709; x_wconf 90' lang='lat' dir='ltr'><strong>cordis</strong></span> <span class='ocrx_word' id='word_1_7' title='bbox 1545 649 1777 710; x_wconf 84' lang='lat' dir='ltr'><strong>honore</strong></span> <span class='ocrx_word' id='word_1_8' title='bbox 1816 648 1987 711; x_wconf 65' lang='lat' dir='ltr'><strong>cole!</strong></span> <span class='ocrx_word' id='word_1_9' title='bbox 2114 636 2130 659; x_wconf 79' lang='lat'>⁸</span> 
     </span>
     <span class='ocr_line' id='line_1_3' title="bbox 671 744 2259 824; baseline 0.001 -16"><span class='ocrx_word' id='word_1_10' title='bbox 671 752 686 779; x_wconf 89' lang='lat'>‘</span> <span class='ocrx_word' id='word_1_11' title='bbox 705 750 906 824; x_wconf 87' lang='lat' dir='ltr'><strong>Quem</strong></span> <span class='ocrx_word' id='word_1_12' title='bbox 949 757 1150 807; x_wconf 86' lang='lat' dir='ltr'><strong>tamen</strong></span> <span class='ocrx_word' id='word_1_13' title='bbox 1191 744 1254 805; x_wconf 91' lang='lat' dir='ltr'><strong>in</strong></span> <span class='ocrx_word' id='word_1_14' title='bbox 1294 744 1462 806; x_wconf 89' lang='lat' dir='ltr'><strong>terris</strong></span> <span class='ocrx_word' id='word_1_15' title='bbox 1503 746 1737 807; x_wconf 84' lang='lat' dir='ltr'><strong>celestis</strong></span> <span class='ocrx_word' id='word_1_16' title='bbox 1778 745 1928 807; x_wconf 87' lang='lat' dir='ltr'><strong>ciuis</strong></span> <span class='ocrx_word' id='word_1_17' title='bbox 1968 748 2259 809; x_wconf 85' lang='lat' dir='ltr'>honorem</span> 
     </span>
     <span class='ocr_line' id='line_1_4' title="bbox 671 842 2043 923; baseline 0.001 -19"><span class='ocrx_word' id='word_1_18' title='bbox 671 842 940 923; x_wconf 88' lang='lat' dir='ltr'><strong>Respuit,</strong></span> <span class='ocrx_word' id='word_1_19' title='bbox 985 845 1149 905; x_wconf 88' lang='lat' dir='ltr'><strong>hunc</strong></span> <span class='ocrx_word' id='word_1_20' title='bbox 1191 842 1403 921; x_wconf 90' lang='lat' dir='ltr'><strong>repetit</strong></span> <span class='ocrx_word' id='word_1_21' title='bbox 1442 842 1607 903; x_wconf 84' lang='lat' dir='ltr'><strong>curia</strong></span> <span class='ocrx_word' id='word_1_22' title='bbox 1645 854 1849 904; x_wconf 85' lang='lat' dir='ltr'><strong>nostra</strong></span> <span class='ocrx_word' id='word_1_23' title='bbox 1885 842 2043 920; x_wconf 81' lang='lat' dir='ltr'><strong>sibi3</strong></span> 
     </span>
     <span class='ocr_line' id='line_1_5' title="bbox 672 940 2447 1020; baseline 0.002 -18"><span class='ocrx_word' id='word_1_24' title='bbox 672 942 956 1003; x_wconf 87' lang='lat' dir='ltr'><strong>Flectitur</strong></span> <span class='ocrx_word' id='word_1_25' title='bbox 995 940 1140 1002; x_wconf 88' lang='lat' dir='ltr'><strong>inde</strong></span> <span class='ocrx_word' id='word_1_26' title='bbox 1179 960 1354 1019; x_wconf 88' lang='lat' dir='ltr'><strong>genu,</strong></span> <span class='ocrx_word' id='word_1_27' title='bbox 1399 959 1520 1018; x_wconf 91' lang='lat' dir='ltr'><strong>que</strong></span> <span class='ocrx_word' id='word_1_28' title='bbox 1559 942 1747 1019; x_wconf 89' lang='lat' dir='ltr'><strong>pedes</strong></span> <span class='ocrx_word' id='word_1_29' title='bbox 1787 951 1925 1020; x_wconf 90' lang='lat' dir='ltr'><strong>post</strong></span> <span class='ocrx_word' id='word_1_30' title='bbox 1964 945 2172 1004; x_wconf 83' lang='lat' dir='ltr'><strong>oscula</strong></span> <span class='ocrx_word' id='word_1_31' title='bbox 2212 954 2447 1006; x_wconf 88' lang='lat' dir='ltr'><strong>nostros</strong></span> 
     </span>
     <span class='ocr_line' id='line_1_6' title="bbox 673 1036 1981 1116; baseline 0 -17"><span class='ocrx_word' id='word_1_32' title='bbox 673 1040 962 1112; x_wconf 89' lang='lat' dir='ltr'><strong>Mulcent,</strong></span> <span class='ocrx_word' id='word_1_33' title='bbox 1009 1048 1074 1099; x_wconf 88' lang='lat' dir='ltr'><strong>vt</strong></span> <span class='ocrx_word' id='word_1_34' title='bbox 1111 1036 1294 1101; x_wconf 85' lang='lat' dir='ltr'><strong>Cristi</strong></span> <span class='ocrx_word' id='word_1_35' title='bbox 1332 1057 1438 1116; x_wconf 85' lang='lat' dir='ltr'><strong>pes</strong></span> <span class='ocrx_word' id='word_1_36' title='bbox 1479 1039 1632 1099; x_wconf 88' lang='lat' dir='ltr'><strong>foret</strong></span> <span class='ocrx_word' id='word_1_37' title='bbox 1669 1040 1820 1101; x_wconf 80' lang='lat' dir='ltr'><strong>alter</strong></span> <span class='ocrx_word' id='word_1_38' title='bbox 1858 1038 1981 1099; x_wconf 67' lang='lat' dir='ltr'><strong>ibi!</strong></span> 
     </span>
    </p>

    <p class='ocr_par' dir='ltr' id='par_1_3' title="bbox 673 1133 2427 3463">
     <span class='ocr_line' id='line_1_7' title="bbox 755 1133 2317 1216; baseline 0.002 -20"><span class='ocrx_word' id='word_1_39' title='bbox 755 1136 1014 1216; x_wconf 87' lang='lat' dir='ltr'><strong>Precipit</strong></span> <span class='ocrx_word' id='word_1_40' title='bbox 1055 1138 1173 1197; x_wconf 90' lang='lat' dir='ltr'><strong>hoc</strong></span> <span class='ocrx_word' id='word_1_41' title='bbox 1214 1133 1462 1209; x_wconf 81' lang='lat' dir='ltr'><strong>cristus,</strong></span> <span class='ocrx_word' id='word_1_42' title='bbox 1505 1134 1634 1197; x_wconf 87' lang='lat' dir='ltr'><strong>eius</strong></span> <span class='ocrx_word' id='word_1_43' title='bbox 1675 1138 1843 1214; x_wconf 91' lang='lat' dir='ltr'><strong>quod</strong></span> <span class='ocrx_word' id='word_1_44' title='bbox 1884 1135 2317 1216; x_wconf 86' lang='lat' dir='ltr'><strong>discipulorum</strong></span> 
     </span>
     <span class='ocr_line' id='line_1_8' title="bbox 673 1233 2062 1313; baseline 0 -18"><span class='ocrx_word' id='word_1_45' title='bbox 673 1236 873 1296; x_wconf 91' lang='lat' dir='ltr'><strong>Nemo</strong></span> <span class='ocrx_word' id='word_1_46' title='bbox 912 1233 1094 1313; x_wconf 82' lang='lat' dir='ltr'><strong>patris</strong></span> <span class='ocrx_word' id='word_1_47' title='bbox 1134 1252 1361 1293; x_wconf 87' lang='lat' dir='ltr'><strong>nomen</strong></span> <span class='ocrx_word' id='word_1_48' title='bbox 1401 1244 1609 1310; x_wconf 81' lang='lat' dir='ltr'><strong>querat</strong></span> <span class='ocrx_word' id='word_1_49' title='bbox 1649 1234 1871 1295; x_wconf 90' lang='lat' dir='ltr'><strong>habere</strong></span> <span class='ocrx_word' id='word_1_50' title='bbox 1912 1234 2062 1296; x_wconf 90' lang='lat' dir='ltr'><strong>sibi:</strong></span> 
     </span>
     <span class='ocr_line' id='line_1_9' title="bbox 674 1329 2252 1411; baseline 0 -18"><span class='ocrx_word' id='word_1_51' title='bbox 674 1334 750 1393; x_wconf 90' lang='lat' dir='ltr'><strong>In</strong></span> <span class='ocrx_word' id='word_1_52' title='bbox 791 1333 924 1394; x_wconf 89' lang='lat' dir='ltr'><strong>celo</strong></span> <span class='ocrx_word' id='word_1_53' title='bbox 965 1329 1156 1393; x_wconf 81' lang='lat' dir='ltr'><strong>sancti</strong></span> <span class='ocrx_word' id='word_1_54' title='bbox 1193 1332 1568 1411; x_wconf 78' lang='lat' dir='ltr'><strong>proclamant</strong></span> <span class='ocrx_word' id='word_1_55' title='bbox 1611 1334 1627 1362; x_wconf 90' lang='lat'>‘</span> <span class='ocrx_word' id='word_1_56' title='bbox 1645 1332 1899 1393; x_wconf 77' lang='lat' dir='ltr'><strong>Sanctus</strong></span> <span class='ocrx_word' id='word_1_57' title='bbox 1916 1333 1932 1361; x_wconf 87' lang='lat'>&#39;</span> <span class='ocrx_word' id='word_1_58' title='bbox 1971 1342 2037 1393; x_wconf 85' lang='lat' dir='ltr'><strong>vt</strong></span> <span class='ocrx_word' id='word_1_59' title='bbox 2074 1331 2162 1393; x_wconf 83' lang='lat' dir='ltr'><strong>ini</strong></span> <span class='ocrx_word' id='word_1_60' title='bbox 2244 1378 2252 1383; x_wconf 85' lang='lat'>-</span> 
     </span>
     <span class='ocr_line' id='line_1_10' title="bbox 676 1428 2007 1507; baseline -0.002 -16"><span class='ocrx_word' id='word_1_61' title='bbox 676 1429 798 1507; x_wconf 88' lang='lat' dir='ltr'><strong>Qui</strong></span> <span class='ocrx_word' id='word_1_62' title='bbox 839 1430 1012 1491; x_wconf 90' lang='lat' dir='ltr'><strong>sedet</strong></span> <span class='ocrx_word' id='word_1_63' title='bbox 1049 1428 1115 1489; x_wconf 89' lang='lat' dir='ltr'><strong>in</strong></span> <span class='ocrx_word' id='word_1_64' title='bbox 1155 1428 1310 1490; x_wconf 89' lang='lat' dir='ltr'><strong>solio</strong></span> <span class='ocrx_word' id='word_1_65' title='bbox 1349 1428 1566 1506; x_wconf 83' lang='lat' dir='ltr'><strong>dignus</strong></span> <span class='ocrx_word' id='word_1_66' title='bbox 1606 1430 1839 1490; x_wconf 85' lang='lat' dir='ltr'>honore</span> <span class='ocrx_word' id='word_1_67' title='bbox 1878 1448 2007 1491; x_wconf 90' lang='lat' dir='ltr'><strong>suo.</strong></span> 
     </span>
     <span class='ocr_line' id='line_1_11' title="bbox 677 1527 2395 1610; baseline 0.003 -21"><span class='ocrx_word' id='word_1_68' title='bbox 677 1534 693 1561; x_wconf 81' lang='lat'><em>⁸</em></span> <span class='ocrx_word' id='word_1_69' title='bbox 711 1530 842 1589; x_wconf 92' lang='lat' dir='ltr'><strong>Nos</strong></span> <span class='ocrx_word' id='word_1_70' title='bbox 882 1540 1086 1589; x_wconf 80' lang='lat' dir='ltr'><strong>tamen</strong></span> <span class='ocrx_word' id='word_1_71' title='bbox 1127 1527 1189 1587; x_wconf 88' lang='lat' dir='ltr'><strong>in</strong></span> <span class='ocrx_word' id='word_1_72' title='bbox 1231 1538 1408 1605; x_wconf 86' lang='lat' dir='ltr'><strong>gente</strong></span> <span class='ocrx_word' id='word_1_73' title='bbox 1450 1546 1674 1587; x_wconf 87' lang='lat' dir='ltr'><strong>nomen</strong></span> <span class='ocrx_word' id='word_1_74' title='bbox 1713 1538 2021 1606; x_wconf 83' lang='lat' dir='ltr'><strong>portamus</strong></span> <span class='ocrx_word' id='word_1_75' title='bbox 2062 1540 2395 1610; x_wconf 88' lang='lat' dir='ltr'><strong>vtrumque,</strong></span> 
     </span>
     <span class='ocr_line' id='line_1_12' title="bbox 677 1623 2241 1713; baseline 0.001 -25"><span class='ocrx_word' id='word_1_76' title='bbox 677 1630 713 1658; x_wconf 88' lang='lat'><strong>“</strong></span> <span class='ocrx_word' id='word_1_77' title='bbox 732 1628 789 1688; x_wconf 95' lang='grc' dir='ltr'>Ο</span> <span class='ocrx_word' id='word_1_78' title='bbox 829 1637 1013 1713; x_wconf 86' lang='lat' dir='ltr'><strong>pater,</strong></span> <span class='ocrx_word' id='word_1_79' title='bbox 1059 1644 1098 1687; x_wconf 91' lang='lat' dir='ltr'>o</span> <span class='ocrx_word' id='word_1_80' title='bbox 1139 1626 1398 1699; x_wconf 84' lang='lat' dir='ltr'><strong>sancte,”</strong></span> <span class='ocrx_word' id='word_1_81' title='bbox 1425 1623 1680 1703; x_wconf 87' lang='lat' dir='ltr'><strong>quisque</strong></span> <span class='ocrx_word' id='word_1_82' title='bbox 1720 1626 1953 1700; x_wconf 83' lang='lat' dir='ltr'><strong>salutat,</strong></span> <span class='ocrx_word' id='word_1_83' title='bbox 1988 1631 2025 1661; x_wconf 79' lang='lat'><strong>‘⁶</strong></span> <span class='ocrx_word' id='word_1_84' title='bbox 2040 1647 2157 1689; x_wconf 83' lang='lat' dir='ltr'><strong>aue</strong></span> <span class='ocrx_word' id='word_1_85' title='bbox 2178 1632 2191 1689; x_wconf 71' lang='grc' dir='ltr'>Ξ</span> <span class='ocrx_word' id='word_1_86' title='bbox 2210 1630 2241 1659; x_wconf 82' lang='grc'>”</span> 
     </span>
     <span class='ocr_line' id='line_1_13' title="bbox 677 1721 2182 1802; baseline 0.002 -18"><span class='ocrx_word' id='word_1_87' title='bbox 677 1722 889 1784; x_wconf 82' lang='lat' dir='ltr'><strong>Extitit</strong></span> <span class='ocrx_word' id='word_1_88' title='bbox 925 1742 965 1783; x_wconf 83' lang='lat' dir='ltr'>a</span> <span class='ocrx_word' id='word_1_89' title='bbox 1004 1722 1202 1785; x_wconf 90' lang='lat' dir='ltr'><strong>Cristo</strong></span> <span class='ocrx_word' id='word_1_90' title='bbox 1243 1724 1386 1784; x_wconf 85' lang='lat' dir='ltr'><strong>data</strong></span> <span class='ocrx_word' id='word_1_91' title='bbox 1425 1721 1602 1784; x_wconf 89' lang='lat' dir='ltr'><strong>nobis</strong></span> <span class='ocrx_word' id='word_1_92' title='bbox 1643 1742 1863 1801; x_wconf 74' lang='lat' dir='ltr'><strong>magna</strong></span> <span class='ocrx_word' id='word_1_93' title='bbox 1900 1735 2182 1802; x_wconf 76' lang='lat' dir='ltr'><strong>potestas,</strong></span> 
     </span>
     <span class='ocr_line' id='line_1_14' title="bbox 673 1820 2143 1899; baseline 0.001 -18"><span class='ocrx_word' id='word_1_94' title='bbox 673 1820 959 1899; x_wconf 83' lang='lat' dir='ltr'>Vndique</span> <span class='ocrx_word' id='word_1_95' title='bbox 999 1838 1182 1899; x_wconf 83' lang='lat' dir='ltr'><strong>quam</strong></span> <span class='ocrx_word' id='word_1_96' title='bbox 1223 1821 1486 1881; x_wconf 88' lang='lat' dir='ltr'><strong>mundus</strong></span> <span class='ocrx_word' id='word_1_97' title='bbox 1525 1820 1888 1899; x_wconf 79' lang='lat' dir='ltr'><strong>amplificare</strong></span> <span class='ocrx_word' id='word_1_98' title='bbox 1928 1824 2143 1884; x_wconf 80' lang='lat' dir='ltr'><strong>studet.</strong></span> 
     </span>
     <span class='ocr_line' id='line_1_15' title="bbox 675 1918 2397 1999; baseline 0.001 -19"><span class='ocrx_word' id='word_1_99' title='bbox 675 1921 820 1980; x_wconf 93' lang='lat' dir='ltr'><strong>Hoc</strong></span> <span class='ocrx_word' id='word_1_100' title='bbox 859 1919 936 1979; x_wconf 91' lang='lat' dir='ltr'><strong>sit</strong></span> <span class='ocrx_word' id='word_1_101' title='bbox 975 1928 1040 1979; x_wconf 87' lang='lat' dir='ltr'><strong>vt</strong></span> <span class='ocrx_word' id='word_1_102' title='bbox 1078 1937 1210 1981; x_wconf 90' lang='lat' dir='ltr'><strong>esse</strong></span> <span class='ocrx_word' id='word_1_103' title='bbox 1249 1928 1483 1997; x_wconf 63' lang='lat' dir='ltr'><strong>potest:</strong></span> <span class='ocrx_word' id='word_1_104' title='bbox 1529 1920 1729 1979; x_wconf 89' lang='lat' dir='ltr'><strong>celum</strong></span> <span class='ocrx_word' id='word_1_105' title='bbox 1770 1918 2136 1998; x_wconf 87' lang='lat' dir='ltr'><strong>quicumque</strong></span> <span class='ocrx_word' id='word_1_106' title='bbox 2175 1920 2397 1999; x_wconf 79' lang='lat' dir='ltr'><strong>ligabit,</strong></span> 
     </span>
     <span class='ocr_line' id='line_1_16' title="bbox 678 2015 2064 2095; baseline -0.001 -16"><span class='ocrx_word' id='word_1_107' title='bbox 678 2016 912 2079; x_wconf 86' lang='lat' dir='ltr'><strong>Scimus</strong></span> <span class='ocrx_word' id='word_1_108' title='bbox 952 2036 1066 2078; x_wconf 87' lang='lat' dir='ltr'><strong>nos</strong></span> <span class='ocrx_word' id='word_1_109' title='bbox 1105 2018 1404 2079; x_wconf 86' lang='lat' dir='ltr'><strong>mundum</strong></span> <span class='ocrx_word' id='word_1_110' title='bbox 1444 2035 1624 2095; x_wconf 88' lang='lat' dir='ltr'><strong>posse</strong></span> <span class='ocrx_word' id='word_1_111' title='bbox 1665 2016 1845 2095; x_wconf 83' lang='lat' dir='ltr'><strong>ligare</strong></span> <span class='ocrx_word' id='word_1_112' title='bbox 1884 2015 2064 2079; x_wconf 78' lang='lat' dir='ltr'><strong>satis:</strong></span> 
     </span>
     <span class='ocr_line' id='line_1_17' title="bbox 676 2113 2203 2194; baseline 0.002 -19"><span class='ocrx_word' id='word_1_113' title='bbox 676 2116 837 2175; x_wconf 85' lang='lat' dir='ltr'><strong>Nam</strong></span> <span class='ocrx_word' id='word_1_114' title='bbox 879 2117 1068 2178; x_wconf 88' lang='lat' dir='ltr'><strong>modo</strong></span> <span class='ocrx_word' id='word_1_115' title='bbox 1107 2118 1202 2176; x_wconf 84' lang='lat' dir='ltr'><strong>lex</strong></span> <span class='ocrx_word' id='word_1_116' title='bbox 1241 2114 1438 2194; x_wconf 65' lang='lat' dir='ltr'><strong>posim</strong></span> <span class='ocrx_word' id='word_1_117' title='bbox 1475 2114 1771 2177; x_wconf 89' lang='lat' dir='ltr'><strong>bellorum</strong></span> <span class='ocrx_word' id='word_1_118' title='bbox 1812 2113 1985 2193; x_wconf 89' lang='lat' dir='ltr'><strong>ponit</strong></span> <span class='ocrx_word' id='word_1_119' title='bbox 2024 2134 2203 2177; x_wconf 77' lang='lat' dir='ltr'><strong>auara</strong></span> 
     </span>
     <span class='ocr_line' id='line_1_18' title="bbox 678 2210 1939 2289; baseline 0 -16"><span class='ocrx_word' id='word_1_120' title='bbox 678 2213 865 2289; x_wconf 88' lang='lat' dir='ltr'><strong>Quod</strong></span> <span class='ocrx_word' id='word_1_121' title='bbox 905 2216 1063 2275; x_wconf 81' lang='lat' dir='ltr'><strong>valet</strong></span> <span class='ocrx_word' id='word_1_122' title='bbox 1101 2212 1354 2274; x_wconf 82' lang='lat' dir='ltr'><strong>ecclesia</strong></span> <span class='ocrx_word' id='word_1_123' title='bbox 1393 2210 1452 2273; x_wconf 88' lang='lat' dir='ltr'><strong>vi</strong></span> <span class='ocrx_word' id='word_1_124' title='bbox 1492 2230 1777 2273; x_wconf 82' lang='lat' dir='ltr'><strong>reuocare</strong></span> <span class='ocrx_word' id='word_1_125' title='bbox 1814 2231 1939 2273; x_wconf 79' lang='lat' dir='ltr'><strong>sua.</strong></span> 
     </span>
     <span class='ocr_line' id='line_1_19' title="bbox 676 2308 2223 2389; baseline 0 -17"><span class='ocrx_word' id='word_1_126' title='bbox 676 2312 780 2372; x_wconf 91' lang='lat' dir='ltr'><strong>Set</strong></span> <span class='ocrx_word' id='word_1_127' title='bbox 823 2309 1112 2389; x_wconf 91' lang='lat' dir='ltr'><strong>quicquid</strong></span> <span class='ocrx_word' id='word_1_128' title='bbox 1153 2311 1345 2371; x_wconf 90' lang='lat' dir='ltr'><strong>clerus</strong></span> <span class='ocrx_word' id='word_1_129' title='bbox 1385 2308 1539 2388; x_wconf 84' lang='lat' dir='ltr'><strong>rapit</strong></span> <span class='ocrx_word' id='word_1_130' title='bbox 1578 2319 1639 2371; x_wconf 89' lang='lat' dir='ltr'><strong>et</strong></span> <span class='ocrx_word' id='word_1_131' title='bbox 1679 2319 1844 2371; x_wconf 87' lang='lat' dir='ltr'><strong>tenet</strong></span> <span class='ocrx_word' id='word_1_132' title='bbox 1884 2328 1959 2370; x_wconf 82' lang='lat' dir='ltr'><strong>ex</strong></span> <span class='ocrx_word' id='word_1_133' title='bbox 1998 2308 2223 2385; x_wconf 79' lang='lat' dir='ltr'><strong>alieniS,</strong></span> 
     </span>
     <span class='ocr_line' id='line_1_20' title="bbox 678 2408 2047 2470; baseline -0.001 -2"><span class='ocrx_word' id='word_1_134' title='bbox 678 2410 822 2469; x_wconf 92' lang='lat' dir='ltr'><strong>Hoc</strong></span> <span class='ocrx_word' id='word_1_135' title='bbox 861 2410 1020 2470; x_wconf 82' lang='lat' dir='ltr'><strong>valet</strong></span> <span class='ocrx_word' id='word_1_136' title='bbox 1057 2427 1098 2469; x_wconf 82' lang='lat' dir='ltr'><strong>a.</strong></span> <span class='ocrx_word' id='word_1_137' title='bbox 1134 2409 1295 2470; x_wconf 88' lang='lat' dir='ltr'><strong>clero</strong></span> <span class='ocrx_word' id='word_1_138' title='bbox 1335 2408 1544 2469; x_wconf 88' lang='lat' dir='ltr'><strong>tollere</strong></span> <span class='ocrx_word' id='word_1_139' title='bbox 1583 2408 1783 2468; x_wconf 86' lang='lat' dir='ltr'><strong>nullus</strong></span> <span class='ocrx_word' id='word_1_140' title='bbox 1824 2408 2047 2468; x_wconf 68' lang='lat' dir='ltr'><strong>homo!</strong></span> 
     </span>
     <span class='ocr_line' id='line_1_21' title="bbox 679 2503 2427 2583; baseline 0.002 -17"><span class='ocrx_word' id='word_1_141' title='bbox 679 2504 986 2583; x_wconf 89' lang='lat' dir='ltr'><strong>Quicquid</strong></span> <span class='ocrx_word' id='word_1_142' title='bbox 1026 2504 1210 2566; x_wconf 81' lang='lat' dir='ltr'><strong>habet</strong></span> <span class='ocrx_word' id='word_1_143' title='bbox 1248 2506 1441 2565; x_wconf 89' lang='lat' dir='ltr'><strong>clerus</strong></span> <span class='ocrx_word' id='word_1_144' title='bbox 1481 2503 1752 2583; x_wconf 88' lang='lat' dir='ltr'><strong>proprios</strong></span> <span class='ocrx_word' id='word_1_145' title='bbox 1793 2505 1912 2566; x_wconf 91' lang='lat' dir='ltr'><strong>hoc</strong></span> <span class='ocrx_word' id='word_1_146' title='bbox 1952 2504 2126 2567; x_wconf 84' lang='lat' dir='ltr'><strong>vertit</strong></span> <span class='ocrx_word' id='word_1_147' title='bbox 2166 2504 2229 2567; x_wconf 87' lang='lat' dir='ltr'><strong>in</strong></span> <span class='ocrx_word' id='word_1_148' title='bbox 2270 2527 2427 2583; x_wconf 75' lang='lat' dir='ltr'><strong>vsuS,</strong></span> 
     </span>
     <span class='ocr_line' id='line_1_22' title="bbox 679 2602 2041 2682; baseline 0.001 -20"><span class='ocrx_word' id='word_1_149' title='bbox 679 2604 776 2665; x_wconf 91' lang='lat' dir='ltr'><strong>De</strong></span> <span class='ocrx_word' id='word_1_150' title='bbox 817 2602 982 2664; x_wconf 79' lang='lat' dir='ltr'><strong>laicis</strong></span> <span class='ocrx_word' id='word_1_151' title='bbox 1020 2614 1252 2682; x_wconf 79' lang='lat' dir='ltr'><strong>partem</strong></span> <span class='ocrx_word' id='word_1_152' title='bbox 1291 2604 1420 2663; x_wconf 88' lang='lat' dir='ltr'><strong>vult</strong></span> <span class='ocrx_word' id='word_1_153' title='bbox 1459 2613 1549 2663; x_wconf 86' lang='lat' dir='ltr'><strong>set</strong></span> <span class='ocrx_word' id='word_1_154' title='bbox 1591 2603 1813 2663; x_wconf 88' lang='lat' dir='ltr'><strong>habere</strong></span> <span class='ocrx_word' id='word_1_155' title='bbox 1853 2622 2041 2663; x_wconf 81' lang='lat' dir='ltr'><strong>suam.</strong></span> 
     </span>
     <span class='ocr_line' id='line_1_23' title="bbox 677 2698 2187 2774; baseline 0.003 -15"><span class='ocrx_word' id='word_1_156' title='bbox 677 2700 804 2761; x_wconf 91' lang='lat' dir='ltr'><strong>Hic</strong></span> <span class='ocrx_word' id='word_1_157' title='bbox 845 2699 1008 2761; x_wconf 81' lang='lat' dir='ltr'>bona</span> <span class='ocrx_word' id='word_1_158' title='bbox 1045 2709 1265 2761; x_wconf 80' lang='lat' dir='ltr'><strong>cuncta</strong></span> <span class='ocrx_word' id='word_1_159' title='bbox 1303 2718 1412 2760; x_wconf 84' lang='lat' dir='ltr'><strong>sua</strong></span> <span class='ocrx_word' id='word_1_160' title='bbox 1451 2700 1578 2760; x_wconf 85' lang='lat' dir='ltr'><strong>fore</strong></span> <span class='ocrx_word' id='word_1_161' title='bbox 1617 2698 1765 2761; x_wconf 91' lang='lat' dir='ltr'><strong>dicit</strong></span> <span class='ocrx_word' id='word_1_162' title='bbox 1804 2699 2187 2774; x_wconf 76' lang='lat' dir='ltr'><strong>sanctificata,</strong></span> 
     </span>
     <span class='ocr_line' id='line_1_24' title="bbox 678 2795 2116 2875; baseline 0.001 -17"><span class='ocrx_word' id='word_1_163' title='bbox 678 2799 812 2859; x_wconf 85' lang='lat' dir='ltr'><strong>Nec</strong></span> <span class='ocrx_word' id='word_1_164' title='bbox 851 2797 991 2859; x_wconf 89' lang='lat' dir='ltr'><strong>licet</strong></span> <span class='ocrx_word' id='word_1_165' title='bbox 1029 2808 1092 2858; x_wconf 89' lang='lat' dir='ltr'><strong>vt</strong></span> <span class='ocrx_word' id='word_1_166' title='bbox 1132 2795 1318 2859; x_wconf 79' lang='lat' dir='ltr'><strong>laicus</strong></span> <span class='ocrx_word' id='word_1_167' title='bbox 1358 2795 1556 2859; x_wconf 81' lang='lat' dir='ltr'><strong>mittat</strong></span> <span class='ocrx_word' id='word_1_168' title='bbox 1594 2798 1674 2859; x_wconf 71' lang='lat' dir='ltr'><strong>ad</strong></span> <span class='ocrx_word' id='word_1_169' title='bbox 1713 2796 1817 2857; x_wconf 81' lang='lat' dir='ltr'><strong>illa</strong></span> <span class='ocrx_word' id='word_1_170' title='bbox 1856 2817 2069 2861; x_wconf 80' lang='lat' dir='ltr'><strong>manus</strong></span> <span class='ocrx_word' id='word_1_171' title='bbox 2096 2821 2116 2875; x_wconf 82' lang='lat'><em>3</em></span> 
     </span>
     <span class='ocr_line' id='line_1_25' title="bbox 679 2894 2197 2975; baseline 0.001 -19"><span class='ocrx_word' id='word_1_172' title='bbox 679 2897 917 2958; x_wconf 85' lang='lat' dir='ltr'><strong>Partem</strong></span> <span class='ocrx_word' id='word_1_173' title='bbox 957 2898 1066 2957; x_wconf 90' lang='lat' dir='ltr'><strong>sed</strong></span> <span class='ocrx_word' id='word_1_174' title='bbox 1106 2895 1242 2957; x_wconf 83' lang='lat' dir='ltr'><strong>laici</strong></span> <span class='ocrx_word' id='word_1_175' title='bbox 1281 2894 1433 2975; x_wconf 87' lang='lat' dir='ltr'><strong>petit</strong></span> <span class='ocrx_word' id='word_1_176' title='bbox 1471 2895 1602 2975; x_wconf 87' lang='lat' dir='ltr'><strong>ipse</strong></span> <span class='ocrx_word' id='word_1_177' title='bbox 1640 2915 1748 2974; x_wconf 90' lang='lat' dir='ltr'><strong>per</strong></span> <span class='ocrx_word' id='word_1_178' title='bbox 1788 2895 1995 2957; x_wconf 82' lang='lat' dir='ltr'><strong>omnia</strong></span> <span class='ocrx_word' id='word_1_179' title='bbox 2032 2896 2197 2971; x_wconf 86' lang='lat' dir='ltr'><strong>lucri,</strong></span> 
     </span>
     <span class='ocr_line' id='line_1_26' title="bbox 679 2992 2027 3073; baseline -0.001 -17"><span class='ocrx_word' id='word_1_180' title='bbox 679 2994 814 3056; x_wconf 92' lang='lat' dir='ltr'><strong>Nec</strong></span> <span class='ocrx_word' id='word_1_181' title='bbox 852 2996 980 3055; x_wconf 84' lang='lat' dir='ltr'><strong>vult</strong></span> <span class='ocrx_word' id='word_1_182' title='bbox 1017 3012 1160 3055; x_wconf 89' lang='lat' dir='ltr'><strong>cum</strong></span> <span class='ocrx_word' id='word_1_183' title='bbox 1199 2994 1468 3073; x_wconf 82' lang='lat' dir='ltr'><strong>dampno</strong></span> <span class='ocrx_word' id='word_1_184' title='bbox 1507 2992 1859 3072; x_wconf 75' lang='lat' dir='ltr'><strong>participare</strong></span> <span class='ocrx_word' id='word_1_185' title='bbox 1898 3012 2027 3055; x_wconf 90' lang='lat' dir='ltr'><strong>suo.</strong></span> 
     </span>
     <span class='ocr_line' id='line_1_27' title="bbox 681 3090 2287 3167; baseline -0.001 -15"><span class='ocrx_word' id='word_1_186' title='bbox 681 3090 743 3152; x_wconf 91' lang='lat' dir='ltr'><strong>Si</strong></span> <span class='ocrx_word' id='word_1_187' title='bbox 783 3090 1122 3152; x_wconf 84' lang='lat' dir='ltr'><strong>communis</strong></span> <span class='ocrx_word' id='word_1_188' title='bbox 1161 3110 1332 3153; x_wconf 83' lang='lat' dir='ltr'><strong>amor</strong></span> <span class='ocrx_word' id='word_1_189' title='bbox 1371 3090 1562 3165; x_wconf 84' lang='lat' dir='ltr'><strong>fuerit,</strong></span> <span class='ocrx_word' id='word_1_190' title='bbox 1605 3109 1933 3152; x_wconf 89' lang='lat' dir='ltr'><strong>commune</strong></span> <span class='ocrx_word' id='word_1_191' title='bbox 1972 3090 2049 3152; x_wconf 90' lang='lat' dir='ltr'><strong>sit</strong></span> <span class='ocrx_word' id='word_1_192' title='bbox 2086 3109 2287 3167; x_wconf 87' lang='lat' dir='ltr'><strong>omne,</strong></span> 
     </span>
     <span class='ocr_line' id='line_1_28' title="bbox 681 3187 2216 3268; baseline 0.001 -19"><span class='ocrx_word' id='word_1_193' title='bbox 681 3190 868 3265; x_wconf 88' lang='lat' dir='ltr'><strong>Quod</strong></span> <span class='ocrx_word' id='word_1_194' title='bbox 908 3188 1096 3268; x_wconf 89' lang='lat' dir='ltr'><strong>liquet</strong></span> <span class='ocrx_word' id='word_1_195' title='bbox 1135 3189 1481 3249; x_wconf 79' lang='lat' dir='ltr'><strong>alterutrum</strong></span> <span class='ocrx_word' id='word_1_196' title='bbox 1522 3206 1701 3267; x_wconf 84' lang='lat' dir='ltr'><strong>posse</strong></span> <span class='ocrx_word' id='word_1_197' title='bbox 1742 3187 1949 3251; x_wconf 79' lang='lat' dir='ltr'><strong>iuuare</strong></span> <span class='ocrx_word' id='word_1_198' title='bbox 1987 3187 2216 3251; x_wconf 84' lang='lat' dir='ltr'><strong>virum:</strong></span> 
     </span>
     <span class='ocr_line' id='line_1_29' title="bbox 679 3285 2313 3364; baseline 0.001 -17"><span class='ocrx_word' id='word_1_199' title='bbox 679 3288 783 3348; x_wconf 92' lang='lat' dir='ltr'><strong>Set</strong></span> <span class='ocrx_word' id='word_1_200' title='bbox 822 3285 966 3364; x_wconf 79' lang='lat' dir='ltr'><strong>quia</strong></span> <span class='ocrx_word' id='word_1_201' title='bbox 1003 3285 1123 3347; x_wconf 87' lang='lat' dir='ltr'><strong>iam</strong></span> <span class='ocrx_word' id='word_1_202' title='bbox 1163 3288 1356 3347; x_wconf 86' lang='lat' dir='ltr'><strong>clerus</strong></span> <span class='ocrx_word' id='word_1_203' title='bbox 1397 3304 1524 3347; x_wconf 88' lang='lat' dir='ltr'><strong>non</strong></span> <span class='ocrx_word' id='word_1_204' title='bbox 1565 3296 1657 3347; x_wconf 89' lang='lat' dir='ltr'><strong>est</strong></span> <span class='ocrx_word' id='word_1_205' title='bbox 1697 3286 2035 3347; x_wconf 85' lang='lat' dir='ltr'><strong>communis</strong></span> <span class='ocrx_word' id='word_1_206' title='bbox 2074 3287 2313 3363; x_wconf 86' lang='lat' dir='ltr'><strong>amoris,</strong></span> 
     </span>
     <span class='ocr_line' id='line_1_30' title="bbox 681 3382 2201 3463; baseline 0 -18"><span class='ocrx_word' id='word_1_207' title='bbox 681 3382 989 3463; x_wconf 87' lang='lat' dir='ltr'><strong>Quicquid</strong></span> <span class='ocrx_word' id='word_1_208' title='bbox 1029 3384 1214 3445; x_wconf 88' lang='lat' dir='ltr'><strong>habet</strong></span> <span class='ocrx_word' id='word_1_209' title='bbox 1253 3383 1366 3445; x_wconf 88' lang='lat' dir='ltr'><strong>soli</strong></span> <span class='ocrx_word' id='word_1_210' title='bbox 1406 3386 1534 3445; x_wconf 85' lang='lat' dir='ltr'><strong>vult</strong></span> <span class='ocrx_word' id='word_1_211' title='bbox 1574 3383 1827 3446; x_wconf 87' lang='lat' dir='ltr'><strong>retinere</strong></span> <span class='ocrx_word' id='word_1_212' title='bbox 1867 3383 1999 3445; x_wconf 83' lang='lat' dir='ltr'><strong>sibi.</strong></span> <span class='ocrx_word' id='word_1_213' title='bbox 2198 3455 2201 3459; x_wconf 43' lang='grc'>,</span> 
     </span>
    </p>

    <p class='ocr_par' dir='ltr' id='par_1_4' title="bbox 680 3480 2325 4435">
     <span class='ocr_line' id='line_1_31' title="bbox 763 3480 2325 3561; baseline 0 -18"><span class='ocrx_word' id='word_1_214' title='bbox 763 3484 855 3543; x_wconf 86' lang='lat' dir='ltr'><strong>Ex</strong></span> <span class='ocrx_word' id='word_1_215' title='bbox 893 3480 1076 3543; x_wconf 85' lang='lat' dir='ltr'><strong>veteri</strong></span> <span class='ocrx_word' id='word_1_216' title='bbox 1117 3484 1248 3560; x_wconf 85' lang='lat' dir='ltr'><strong>lege</strong></span> <span class='ocrx_word' id='word_1_217' title='bbox 1288 3493 1524 3561; x_wconf 80' lang='lat' dir='ltr'><strong>raptum</strong></span> <span class='ocrx_word' id='word_1_218' title='bbox 1565 3481 1643 3543; x_wconf 87' lang='lat' dir='ltr'><strong>sit</strong></span> <span class='ocrx_word' id='word_1_219' title='bbox 1682 3480 1973 3560; x_wconf 90' lang='lat' dir='ltr'><strong>quicquid</strong></span> <span class='ocrx_word' id='word_1_220' title='bbox 2012 3482 2094 3543; x_wconf 81' lang='lat' dir='ltr'><strong>ab</strong></span> <span class='ocrx_word' id='word_1_221' title='bbox 2133 3484 2325 3558; x_wconf 89' lang='lat' dir='ltr'><strong>hoste,</strong></span> 
     </span>
     <span class='ocr_line' id='line_1_32' title="bbox 680 3578 2051 3656; baseline -0.003 -11"><span class='ocrx_word' id='word_1_222' title='bbox 680 3580 824 3645; x_wconf 88' lang='lat' dir='ltr'><strong>Non</strong></span> <span class='ocrx_word' id='word_1_223' title='bbox 866 3581 1024 3641; x_wconf 86' lang='lat' dir='ltr'><strong>valet</strong></span> <span class='ocrx_word' id='word_1_224' title='bbox 1063 3579 1212 3642; x_wconf 85' lang='lat' dir='ltr'><strong>illud</strong></span> <span class='ocrx_word' id='word_1_225' title='bbox 1253 3581 1442 3642; x_wconf 88' lang='lat' dir='ltr'><strong>homo</strong></span> <span class='ocrx_word' id='word_1_226' title='bbox 1481 3578 1851 3641; x_wconf 80' lang='lat' dir='ltr'><strong>sanctificare</strong></span> <span class='ocrx_word' id='word_1_227' title='bbox 1890 3581 2051 3656; x_wconf 80' lang='lat' dir='ltr'><strong>de03</strong></span> 
     </span>
     <span class='ocr_line' id='line_1_33' title="bbox 682 3676 2029 3757; baseline 0.001 -20"><span class='ocrx_word' id='word_1_228' title='bbox 682 3679 904 3738; x_wconf 88' lang='lat' dir='ltr'><strong>Nostra</strong></span> <span class='ocrx_word' id='word_1_229' title='bbox 943 3688 1034 3738; x_wconf 89' lang='lat' dir='ltr'><strong>set</strong></span> <span class='ocrx_word' id='word_1_230' title='bbox 1074 3676 1330 3739; x_wconf 80' lang='lat' dir='ltr'><strong>ecclesia</strong></span> <span class='ocrx_word' id='word_1_231' title='bbox 1367 3678 1558 3738; x_wconf 87' lang='lat' dir='ltr'><strong>clerus</strong></span> <span class='ocrx_word' id='word_1_232' title='bbox 1599 3676 1819 3739; x_wconf 86' lang='lat' dir='ltr'><strong>vicinia</strong></span> <span class='ocrx_word' id='word_1_233' title='bbox 1857 3688 2029 3757; x_wconf 82' lang='lat' dir='ltr'><strong>rapta</strong></span> 
     </span>
     <span class='ocr_line' id='line_1_34' title="bbox 682 3772 2123 3853; baseline 0.003 -20"><span class='ocrx_word' id='word_1_234' title='bbox 682 3775 914 3846; x_wconf 85' lang='lat' dir='ltr'><strong>Predat,</strong></span> <span class='ocrx_word' id='word_1_235' title='bbox 959 3784 1020 3836; x_wconf 91' lang='lat' dir='ltr'><strong>et</strong></span> <span class='ocrx_word' id='word_1_236' title='bbox 1061 3776 1174 3835; x_wconf 86' lang='lat' dir='ltr'><strong>hec</strong></span> <span class='ocrx_word' id='word_1_237' title='bbox 1214 3773 1454 3853; x_wconf 86' lang='lat' dir='ltr'><strong>propria</strong></span> <span class='ocrx_word' id='word_1_238' title='bbox 1492 3772 1639 3835; x_wconf 90' lang='lat' dir='ltr'><strong>dicit</strong></span> <span class='ocrx_word' id='word_1_239' title='bbox 1679 3774 1901 3836; x_wconf 82' lang='lat' dir='ltr'><strong>habere</strong></span> <span class='ocrx_word' id='word_1_240' title='bbox 1942 3794 2123 3837; x_wconf 82' lang='lat' dir='ltr'><strong>sacra.</strong></span> 
     </span>
     <span class='ocr_line' id='line_1_35' title="bbox 683 3870 2215 3951; baseline 0.001 -19"><span class='ocrx_word' id='word_1_241' title='bbox 683 3870 782 3932; x_wconf 92' lang='lat' dir='ltr'><strong>Sic</strong></span> <span class='ocrx_word' id='word_1_242' title='bbox 823 3871 1037 3931; x_wconf 89' lang='lat' dir='ltr'><strong>multat</strong></span> <span class='ocrx_word' id='word_1_243' title='bbox 1077 3870 1296 3931; x_wconf 80' lang='lat' dir='ltr'><strong>laicum</strong></span> <span class='ocrx_word' id='word_1_244' title='bbox 1337 3872 1546 3945; x_wconf 90' lang='lat' dir='ltr'><strong>clerus,</strong></span> <span class='ocrx_word' id='word_1_245' title='bbox 1591 3873 1842 3932; x_wconf 82' lang='lat' dir='ltr'><strong>multare</strong></span> <span class='ocrx_word' id='word_1_246' title='bbox 1883 3881 1975 3933; x_wconf 89' lang='lat' dir='ltr'><strong>set</strong></span> <span class='ocrx_word' id='word_1_247' title='bbox 2014 3872 2215 3951; x_wconf 88' lang='lat' dir='ltr'><strong>ipsum</strong></span> 
     </span>
     <span class='ocr_line' id='line_1_36' title="bbox 681 3968 2203 4046; baseline 0.001 -17"><span class='ocrx_word' id='word_1_248' title='bbox 681 3970 885 4029; x_wconf 91' lang='lat' dir='ltr'><strong>Nemo</strong></span> <span class='ocrx_word' id='word_1_249' title='bbox 923 3978 1140 4046; x_wconf 90' lang='lat' dir='ltr'><strong>potest,</strong></span> <span class='ocrx_word' id='word_1_250' title='bbox 1183 3979 1246 4030; x_wconf 90' lang='lat' dir='ltr'><strong>et</strong></span> <span class='ocrx_word' id='word_1_251' title='bbox 1283 3968 1368 4029; x_wconf 80' lang='lat' dir='ltr'><strong>ita</strong></span> <span class='ocrx_word' id='word_1_252' title='bbox 1405 3978 1566 4029; x_wconf 81' lang='lat' dir='ltr'><strong>stant</strong></span> <span class='ocrx_word' id='word_1_253' title='bbox 1607 3970 1795 4029; x_wconf 89' lang='lat' dir='ltr'><strong>modo</strong></span> <span class='ocrx_word' id='word_1_254' title='bbox 1834 3968 1963 4030; x_wconf 82' lang='lat' dir='ltr'><strong>iura</strong></span> <span class='ocrx_word' id='word_1_255' title='bbox 2000 3989 2203 4031; x_wconf 80' lang='lat' dir='ltr'><strong>noua:</strong></span> 
     </span>
     <span class='ocr_line' id='line_1_37' title="bbox 681 4065 2303 4148; baseline 0.002 -22"><span class='ocrx_word' id='word_1_256' title='bbox 681 4065 780 4127; x_wconf 90' lang='lat' dir='ltr'><strong>Sic</strong></span> <span class='ocrx_word' id='word_1_257' title='bbox 819 4084 945 4127; x_wconf 88' lang='lat' dir='ltr'><strong>non</strong></span> <span class='ocrx_word' id='word_1_258' title='bbox 985 4075 1188 4145; x_wconf 74' lang='lat' dir='ltr'><strong>pastor</strong></span> <span class='ocrx_word' id='word_1_259' title='bbox 1227 4086 1374 4129; x_wconf 67' lang='lat' dir='ltr'><strong>oues</strong></span> <span class='ocrx_word' id='word_1_260' title='bbox 1415 4065 1619 4146; x_wconf 82' lang='lat' dir='ltr'><strong>pascit,</strong></span> <span class='ocrx_word' id='word_1_261' title='bbox 1663 4076 1757 4127; x_wconf 87' lang='lat' dir='ltr'><strong>set</strong></span> <span class='ocrx_word' id='word_1_262' title='bbox 1796 4077 2001 4145; x_wconf 84' lang='lat' dir='ltr'><strong>pastus</strong></span> <span class='ocrx_word' id='word_1_263' title='bbox 2039 4068 2120 4128; x_wconf 82' lang='lat' dir='ltr'><strong>ab</strong></span> <span class='ocrx_word' id='word_1_264' title='bbox 2160 4068 2303 4148; x_wconf 84' lang='lat' dir='ltr'><strong>ipsis</strong></span> 
     </span>
     <span class='ocr_line' id='line_1_38' title="bbox 682 4161 2077 4242; baseline 0 -17"><span class='ocrx_word' id='word_1_265' title='bbox 682 4165 806 4225; x_wconf 81' lang='lat' dir='ltr'><strong>Lac</strong></span> <span class='ocrx_word' id='word_1_266' title='bbox 844 4175 1014 4225; x_wconf 83' lang='lat' dir='ltr'><strong>vorat</strong></span> <span class='ocrx_word' id='word_1_267' title='bbox 1053 4174 1116 4225; x_wconf 88' lang='lat' dir='ltr'><strong>et</strong></span> <span class='ocrx_word' id='word_1_268' title='bbox 1155 4164 1361 4238; x_wconf 78' lang='lat' dir='ltr'><strong>velluS,</strong></span> <span class='ocrx_word' id='word_1_269' title='bbox 1402 4166 1550 4225; x_wconf 78' lang='lat' dir='ltr'><strong>alter</strong></span> <span class='ocrx_word' id='word_1_270' title='bbox 1589 4174 1654 4225; x_wconf 83' lang='lat' dir='ltr'><strong>vt</strong></span> <span class='ocrx_word' id='word_1_271' title='bbox 1693 4161 1823 4241; x_wconf 91' lang='lat' dir='ltr'><strong>ipse</strong></span> <span class='ocrx_word' id='word_1_272' title='bbox 1863 4163 2077 4242; x_wconf 87' lang='lat' dir='ltr'><strong>lupus:</strong></span> 
     </span>
     <span class='ocr_line' id='line_1_39' title="bbox 682 4258 2161 4338; baseline 0.001 -18"><span class='ocrx_word' id='word_1_273' title='bbox 682 4258 780 4321; x_wconf 90' lang='lat' dir='ltr'><strong>Sic</strong></span> <span class='ocrx_word' id='word_1_274' title='bbox 819 4258 1000 4321; x_wconf 81' lang='lat' dir='ltr'><strong>libras</strong></span> <span class='ocrx_word' id='word_1_275' title='bbox 1039 4258 1256 4321; x_wconf 86' lang='lat' dir='ltr'><strong>siciens</strong></span> <span class='ocrx_word' id='word_1_276' title='bbox 1296 4259 1480 4321; x_wconf 89' lang='lat' dir='ltr'><strong>libros</strong></span> <span class='ocrx_word' id='word_1_277' title='bbox 1521 4278 1646 4321; x_wconf 85' lang='lat' dir='ltr'><strong>non</strong></span> <span class='ocrx_word' id='word_1_278' title='bbox 1684 4258 1928 4338; x_wconf 82' lang='lat' dir='ltr'><strong>appetit,</strong></span> <span class='ocrx_word' id='word_1_279' title='bbox 1972 4259 2161 4323; x_wconf 87' lang='lat' dir='ltr'><strong>immo</strong></span> 
     </span>
     <span class='ocr_line' id='line_1_40' title="bbox 685 4352 2091 4435; baseline 0.003 -22"><span class='ocrx_word' id='word_1_280' title='bbox 685 4354 954 4416; x_wconf 84' lang='lat' dir='ltr'><strong>Marcam</strong></span> <span class='ocrx_word' id='word_1_281' title='bbox 995 4372 1124 4435; x_wconf 83' lang='lat' dir='ltr'><strong>pro,</strong></span> <span class='ocrx_word' id='word_1_282' title='bbox 1150 4355 1362 4416; x_wconf 81' lang='lat' dir='ltr'><strong>Marco</strong></span> <span class='ocrx_word' id='word_1_283' title='bbox 1402 4352 1694 4415; x_wconf 85' lang='lat' dir='ltr'><strong>construit</strong></span> <span class='ocrx_word' id='word_1_284' title='bbox 1734 4353 1861 4432; x_wconf 88' lang='lat' dir='ltr'><strong>ipse</strong></span> <span class='ocrx_word' id='word_1_285' title='bbox 1902 4353 2091 4417; x_wconf 88' lang='lat' dir='ltr'><strong>libro:</strong></span> 
     </span>
    </p>
   </div>
   <div class='ocr_carea' id='block_1_3' title="bbox 1441 4464 1833 4533">
    <p class='ocr_par' dir='ltr' id='par_1_5' title="bbox 1441 4464 1833 4533">
     <span class='ocr_line' id='line_1_41' title="bbox 1441 4464 1833 4533; baseline 0.005 -18"><span class='ocrx_word' id='word_1_286' title='bbox 1441 4467 1544 4532; x_wconf 85' lang='lat'><strong>989</strong></span> <span class='ocrx_word' id='word_1_287' title='bbox 1563 4466 1658 4533; x_wconf 83' lang='lat' dir='ltr'><strong>sit]</strong></span> <span class='ocrx_word' id='word_1_288' title='bbox 1690 4465 1768 4517; x_wconf 83' lang='lat' dir='ltr'><strong>sic</strong></span> <span class='ocrx_word' id='word_1_289' title='bbox 1792 4464 1833 4517; x_wconf 89' lang='lat' dir='ltr'>S</span> 
     </span>
    </p>
   </div>
   <div class='ocr_carea' id='block_1_4' title="bbox 2593 512 2709 573">
    <p class='ocr_par' dir='ltr' id='par_1_6' title="bbox 2593 512 2709 573">
     <span class='ocr_line' id='line_1_42' title="bbox 2593 512 2709 573; baseline -0.009 0"><span class='ocrx_word' id='word_1_290' title='bbox 2593 512 2709 573; x_wconf 82' lang='lat'><strong>133</strong></span> 
     </span>
    </p>
   </div>
   <div class='ocr_carea' id='block_1_5' title="bbox 2609 1652 2709 1706">
    <p class='ocr_par' dir='ltr' id='par_1_7' title="bbox 2609 1652 2709 1706">
     <span class='ocr_line' id='line_1_43' title="bbox 2609 1652 2709 1706; baseline -0.01 0"><span class='ocrx_word' id='word_1_291' title='bbox 2609 1652 2709 1706; x_wconf 87' lang='lat'><strong>970</strong></span> 
     </span>
    </p>
   </div>
   <div class='ocr_carea' id='block_1_6' title="bbox 2620 3610 2725 3662">
    <p class='ocr_par' dir='ltr' id='par_1_8' title="bbox 2620 3610 2725 3662">
     <span class='ocr_line' id='line_1_44' title="bbox 2620 3610 2725 3662; baseline 0.019 -2"><span class='ocrx_word' id='word_1_292' title='bbox 2620 3610 2725 3662; x_wconf 89' lang='lat'><strong>990</strong></span> 
     </span>
    </p>
   </div>
  </div>
 </body>
</html>
