3434 5142
997 502 1008 511 '
1101 487 1388 555 LIBER
1443 490 1951 559 SECUNDUS
2047 514 2054 519 ·

591 654 872 729 Cumque
913 651 1106 712 malus
1147 650 1338 725 fuerit,
1382 662 1584 728 carpet
1625 662 1686 713 et
1728 652 1856 730 ipse
1896 654 2069 713 mala.

581 752 680 813 Sic
721 750 872 811 deus
913 768 988 810 ex
1027 750 1254 810 meritis
1293 750 1560 826 disponit
1601 760 1873 827 tempora
1914 752 2148 825 nostriS,

579 848 660 907 Vt
703 857 864 924 patet
906 848 1210 923 exemplis,
1255 847 1306 906 si
1346 847 1737 907 memoranda
1777 847 1939 925 legis·

578 945 846 1023 Angelus
887 945 986 1005 hic
1027 963 1239 1005 cecum
1284 944 1556 1021 Raphael
1597 962 1806 1006 sanare
1847 944 2109 1007 Tobiam

587 1044 810 1104 Euolat
851 1062 888 1104 e
928 1043 1071 1103 celis
1113 1060 1338 1119 pronus
1379 1043 1442 1101 in
1483 1040 1638 1103 orbe
1669 1044 1845 1104 viris:

583 1142 844 1219 Imperio
883 1142 1024 1201 iusti
1065 1150 1374 1218 nequeunt
1413 1139 1660 1201 obstare
1701 1140 1933 1203 subacti

582 1242 870 1301 Tortores
907 1238 1139 1313 baratri,
1186 1249 1276 1299 set
1317 1238 1678 1298 famulantur
1720 1240 1811 1300 ei:

579 1340 670 1397 Ac
713 1337 1146 1397 elementorum
1188 1336 1434 1395 celestia·
1472 1352 1723 1413 corpora
1764 1336 1985 1395 iustum

577 1432 831 1494 Subdita
871 1433 1000 1492 iture
1039 1433 1263 1505 colunt,
1306 1442 1368 1493 et
1409 1450 1522 1492 sua
1558 1444 1696 1491 vota
1740 1432 1955 1493 serunt.

661 1533 735 1591 In
778 1532 994 1591 virtute
1033 1530 1134 1591 dei
1175 1531 1414 1607 sapiens
1455 1528 1867 1590 dominabitur
1906 1541 2079 1605 astra,

576 1630 856 1705 Totaque
896 1627 1284 1704 consequitur
1319 1626 1413 1685 vis
1452 1626 1736 1686 orizontis
1774 1644 1915 1686 eum
1942 1652 1958 1688 ε

578 1726 852 1789 Circulus
892 1734 954 1785 et
993 1726 1194 1798 ciclus„
1239 1724 1437 1785 omnis
1479 1742 1727 1801 quoque
1767 1742 1939 1801 spera
1980 1744 2259 1803 suprema

577 1822 704 1885 Sub
745 1822 902 1899 pede
942 1833 1081 1882 sunt
1123 1822 1384 1881 hominis
1426 1840 1606 1898 quem
1651 1821 1817 1881 iuuat
1858 1823 1985 1899 ipse
2026 1823 2194 1883 deuS.

575 1922 678 1982 Sol
720 1922 890 1981 stetit
925 1921 988 1979 in
1030 1918 1288 1981 Gabaon
1329 1920 1488 1979 iusto
1531 1922 1712 1980 Iosue
1753 1920 2067 1996 rogitante,

581 2020 712 2078 Nec
753 2026 984 2094 poterat
1023 2034 1262 2095 gressus
1297 2016 1650 2076 continuare
1689 2034 1871 2085 suos;

577 2116 841 2193 Imperio
885 2116 1067 2177 Iosue
1106 2115 1249 2177 solis
1289 2124 1420 2175 rota
1461 2132 1588 2175 non
1626 2114 1740 2174 fuit
1778 2132 1925 2175 ausa

576 2212 844 2287 Currere,
889 2222 980 2273 set
1019 2231 1226 2273 cursus
1267 2214 1470 2273 nescia
1509 2212 1626 2271 fixa
1665 2212 1865 2273 stetit:

576 2310 756 2371 Stella
796 2310 1046 2387 quidem
1085 2319 1294 2369 natum
1332 2310 1614 2386 patefecit
1653 2309 1875 2369 nuncia
1916 2308 2195 2383 Cristum,

576 2408 720 2483 Qu'o
757 2426 970 2485 pacem
1009 2408 1180 2468 iustis
1215 2407 1478 2468 reddidit
1517 2408 1646 2484 ipse
1687 2408 1861 2467 deus,

575 2506 831 2565 Aeream
872 2514 1103 2582 pestem
1143 2504 1398 2582 legimus
1435 2522 1799 2582 sanasseque
1838 2516 2111 2565 sanctum

577 2603 930 2679 Gregorium
973 2604 1190 2677 Rome,
1233 2601 1632 2663 subueniente
1673 2620 1867 2681 prece.

577 2700 800 2761 Diuisit
841 2702 1084 2777 Moyses
1127 2718 1290 2760 mare
1331 2702 1494 2778 virga
1532 2701 1928 2777 percuciente,

577 2798 722 2873 Quo
761 2808 992 2875 poterat
1032 2799 1291 2875 populus
1329 2800 1528 2859 siccus
1567 2798 1717 2859 inire
1760 2799 1982 2877 pedes:

577 2892 773 2951 Firma
815 2892 966 2952 fides
1007 2892 1170 2953 Petri
1209 2892 1358 2951 dum
1399 2892 1560 2969 cepit
1600 2893 1844 2953 credere
1885 2892 2064 2955 Cristi

578 2988 795 3063 Verba,
837 2990 995 3047 viam
1037 2988 1296 3065 pedihus
1337 2986 1572 3065 prebuit
1614 2990 1775 3049 vnda
1816 2990 2033 3051 maris:

577 3086 826 3163 Propter
866 3086 1190 3147 Heliseum
1226 3087 1586 3165 limpharum
1627 3087 1855 3165 gurgite
1896 3106 2157 3149 mersum

579 3184 824 3244 Ferrum
866 3184 1138 3245 transiliit
1178 3184 1438 3263 desuper
1475 3194 1659 3263 atque
1698 3186 1869 3245 redit.

580 3282 764 3358 Ignea
805 3292 922 3343 tres
963 3300 1182 3360 pueros
1223 3284 1434 3343 fornax
1474 3285 1736 3361 suscepit
1780 3282 2079 3357 Hebreos,

578 3380 846 3441 Flamma
887 3390 980 3463 set
1019 3382 1204 3443 illesis
1241 3381 1396 3441 victa
1437 3381 1702 3459 pepercit
1743 3382 1847 3441 εἰς.
2006 3394 2013 3403 ·

576 3478 760 3538 Terra
801 3489 892 3538 set
935 3478 1210 3553 Hillario,
1256 3498 1376 3557 que
1415 3480 1598 3557 plana
1635 3468 1749 3541 fuit·
1788 3477 1967 3557 prius,
2010 3479 2177 3539 almo

581 3576 659 3636 Se
700 3578 878 3651 leuat,
924 3587 984 3637 et
1025 3578 1202 3639 sedes
1241 3578 1364 3637 alta
1400 3579 1628 3656 recepit
1668 3596 1847 3640 eum:

579 3674 668 3733 Ex
709 3675 874 3735 duris
919 3676 1136 3753 Moyse
1175 3676 1334 3736 saxis
1373 3676 1722 3752 heremique
1762 3672 2011 3735 iubente

577 3772 742 3831 Dum
782 3772 1000 3833 saliunt
1041 3774 1273 3845 fluctuS,
1309 3792 1456 3851 gens
1496 3771 1650 3834 bibit
1688 3783 1872 3850 atque
1913 3790 2131 3849 pecus:

575 3870 820 3930 Montes
861 3889 964 3929 rex
1006 3872 1334 3933 Manedum
1375 3872 1603 3933 diuisos
1643 3870 2083 3943 consolidauit3

575 3968 665 4027 Ex
704 3967 984 4045 precibus
1023 3969 1194 4029 iustis
1235 3970 1320 4028 sic
1361 3968 1531 4030 dedit
1571 3987 1704 4029 esse
1744 3968 1917 4029 deus·

654 4066 874 4127 Omnis
911 4067 974 4126 in
1017 4066 1164 4128 orbe
1203 4068 1326 4129 sera
1365 4066 1506 4127 iusti
1544 4068 1761 4127 virtute
1802 4066 2049 4127 subacta

573 4162 699 4235 Est,
745 4164 932 4223 draco
969 4164 1178 4242 sieque
1217 4165 1332 4237 le0,
1375 4183 1528 4243 quos
1569 4164 1684 4225 sibi
1728 4163 1931 4225 subdit
1971 4164 2193 4223 homo:

575 4262 856 4339 Namque
897 4280 1002 4339 per
1041 4263 1160 4325 hoc
1202 4264 1424 4323 iustum
1465 4263 1636 4323 nouit
1678 4261 1938 4323 Babilon
1982 4261 2319 4335 Danielem,

481 4362 488 4368 ’
571 4360 892 4438 Romaque
933 4361 1284 4421 Siluestrum
1326 4372 1590 4421 senserat
1630 4378 1767 4421 esse
1804 4378 2057 4421 sacrum.

867 4496 967 4546 239
999 4480 1080 4531 No
1093 4488 1306 4548 paragr.
1326 4482 1436 4531 luen
1460 4480 1548 4531 ct
1768 4481 1869 4531 266
1900 4479 2091 4529 dracho
2114 4478 2157 4529 C

2548 516 2625 575 91

2526 680 2625 730 230

2524 1654 2621 1702 240

2521 2628 2619 2677 250

2526 3587 2623 3637 260
