3434 5142
826 411 951 492 238

1535 409 1736 473 VOX
1792 408 2334 474 CLAMANTIS

990 571 1089 632 Sic
1130 588 1241 647 ego
1284 588 1409 630 non
1448 570 1627 630 video
1668 587 1805 630 mea
1844 587 1965 647 que
2005 579 2162 644 sunt,
2207 580 2298 630 set
2339 569 2682 632 dubitando

990 670 1253 729 Auribus
1294 670 1559 731 attonitis
1600 687 1789 746 quero
1829 669 2102 729 cauenda
2141 671 2330 730 malis,

1073 768 1235 827 Ecce
1275 769 1405 829 dies
1445 768 1509 826 in
1550 786 1687 844 qua,
1733 769 1926 829 fuerat
1965 785 2087 844 que
2127 768 2268 827 iuris
2309 769 2518 842 amica,

993 867 1175 926 Nunc
1215 866 1401 943 magis
1442 875 1688 926 econtra
1729 867 1822 926 lex
1865 866 2011 943 gerit
2051 875 2184 925 acta
2226 885 2370 927 sua:

993 965 1185 1024 Larua
1227 964 1370 1041 tegit
1411 965 1642 1038 faciem,
1688 963 2006 1025 confundit
2044 963 2333 1041 glosaque
2373 971 2620 1038 textum,

990 1063 1183 1122 Vertit
1223 1072 1285 1122 et
1325 1062 1388 1121 in
1428 1062 1687 1139 logicam
1729 1063 1826 1122 lex
1865 1061 2086 1121 variata
2126 1062 2351 1122 scolam
2376 1082 2394 1137 3

990 1159 1241 1236 Absque
1282 1169 1483 1220 tamen
1528 1179 1780 1221 numero
1821 1169 1960 1219 sunt
1999 1160 2145 1236 legis
2185 1159 2248 1218 in
2290 1159 2439 1220 orbe
2479 1159 2754 1233 scolares,

992 1257 1253 1317 Plurima
1292 1267 1431 1318 sunt
1472 1258 1630 1332 folia,
1674 1257 1902 1318 fructus
1943 1267 2004 1318 et
2045 1257 2188 1318 inde
2230 1257 2446 1318 minor.

993 1355 1257 1415 Nomine
1298 1354 1412 1415 sub
1454 1356 1611 1417 iusto
1650 1374 1834 1433 quarn
1877 1373 2020 1432 sepe
2062 1354 2384 1432 nephanda
2423 1365 2718 1432 parantur,

992 1451 1241 1529 Subque
1278 1451 1457 1512 dolus
1497 1453 1647 1513 facie
1690 1453 1943 1530 plurima
1982 1453 2124 1514 iuris
2165 1454 2326 1530 agit:

992 1551 1117 1626 Qui
1158 1550 1345 1628 magis
1386 1551 1447 1609 in
1490 1551 1685 1610 causis
1726 1551 2073 1612 discernunt
2113 1551 2331 1611 talibus
2371 1547 2597 1624 orbem,

992 1647 1261 1708 Crimina
1302 1656 1442 1707 sunt
1482 1649 1670 1707 mutis
1712 1649 1824 1708 ista
1865 1649 2135 1710 timenda
2172 1649 2326 1709 viris.

992 1745 1259 1806 Grandia
1298 1763 1406 1822 per
1444 1745 1665 1806 multos
1705 1757 2030 1807 tenuantur
2068 1747 2316 1807 flumina
2355 1746 2533 1819 rium,

990 1843 1217 1903 Alueus
1258 1853 1319 1903 et
1360 1845 1571 1904 sterilis
1612 1845 1699 1904 sic
1740 1855 2024 1904 vacuatur
2062 1845 2276 1923 aquis:

992 1939 1267 2002 Pluribus
1308 1943 1584 2020 expensis
1624 1943 1844 2020 patitur
1883 1944 2194 2003 thesaurus
2235 1941 2522 2020 eclipsim,

992 2041 1105 2112 Fit,
1150 2040 1266 2100 nisi
1304 2040 1629 2117 preuideat‚
1675 2059 1941 2118 sepeque
1979 2040 2152 2101 diues
2193 2041 2404 2118 inops:

992 2139 1091 2198 Sic
1132 2138 1350 2198 humus
1392 2139 1503 2198 ista
1544 2139 1709 2200 breui
1753 2139 2046 2200 ditissima
2085 2148 2358 2215 tempore
2397 2155 2636 2216 pauper,

994 2236 1289 2296 Excessus
1329 2238 1529 2313 legum
1570 2238 1633 2296 ni
1675 2237 2038 2311 moderetur,
2077 2237 2204 2297 erit.

991 2333 1231 2394 Tollere
1271 2334 1567 2395 nodosam
1607 2336 1798 2394 nescit
1839 2335 2140 2396 medicina
2180 2334 2524 2412 podagram,

994 2431 1093 2492 Sic
1134 2450 1249 2492 nec
1286 2432 1543 2492 auaricie
1583 2433 1679 2491 lex
1718 2432 2098 2493 medicamen
2139 2431 2338 2493 habet.

993 2530 1106 2590 Est
1146 2549 1281 2590 mea
1322 2529 1498 2590 bursa
1538 2540 1772 2607 potens,
1818 2531 1912 2591 lex
1955 2530 2097 2591 inde
2137 2529 2386 2592 subacta
2427 2529 2641 2604 silebit,

992 2628 1357 2687 Preueniens
1396 2645 1543 2687 auro
1582 2627 1814 2704 singula
1853 2626 1982 2688 iura
2021 2629 2198 2705 fugo:

991 2725 1118 2784 Aut
1159 2725 1209 2783 si
1250 2725 1541 2801 magnatis
1583 2725 1766 2784 michi
1809 2725 1972 2785 curia
2013 2727 2088 2785 sit
2129 2725 2422 2802 specialiS,

993 2822 1097 2882 Nil
1139 2840 1291 2899 opus
1332 2833 1423 2882 est
1464 2823 1662 2900 legum
1704 2821 1944 2896 viribuS,
1989 2823 2116 2900 ipse
2157 2823 2386 2900 loquor.

1000 2919 1368 2982 Continuata
1408 2918 1515 2980 diu
1556 2920 1643 2980 sic
1682 2921 1904 2981 vlcerat
1945 2921 2045 2980 illa
2082 2921 2342 3008 cicatrix,

995 3018 1136 3077 Non
1178 3017 1361 3079 habet
1402 3018 1642 3079 vlterius
1685 3019 1806 3078 iam
1849 3037 2012 3079 noua
2050 3019 2222 3096 plaga
2263 3020 2480 3080 locum.

2937 1280 3044 1332 ²90

2937 2258 3040 2306 300

899 3211 1018 3267 Hic
1042 3211 1317 3280 loquitur
1354 3212 1539 3281 quasi
1574 3227 1685 3282 per
1716 3214 2055 3282 epistolam
2087 3213 2401 3268 Iudieibus
2427 3213 2556 3270 mis
2576 3213 2908 3277 directam,
2932 3212 3040 3280 qni

828 3299 897 3352 in
922 3298 1159 3353 caduca
1183 3314 1439 3354 suarum
1464 3300 1834 3355 dialciarum
1857 3301 2256 3357 multitudine
2280 3305 2637 3370 sperantes,
2657 3303 2842 3357 deum
2865 3300 3036 3356 adiu·

826 3390 1035 3442 torem
1058 3403 1239 3442 suum
1265 3403 1498 3457 ponere
1526 3391 1888 3445 nullatenu·
1911 3389 2276 3458 dignantur.

659 3510 861 3588 capm.
889 3528 943 3570 v.

1071 3508 1129 3569 O
1171 3509 1276 3584 qui
1318 3509 1538 3569 iudicia
1579 3509 1699 3569 vite
1739 3509 1946 3569 mortis
1990 3527 2236 3586 quoque
2276 3527 2474 3570 rerum

990 3605 1285 3667 Clauditis
1326 3607 1390 3665 in
1432 3605 1709 3666 manibus
1751 3607 2089 3684 appreciata
2130 3607 2322 3681 lucriS,

993 3704 1090 3764 De
1131 3721 1252 3780 qua
1293 3703 1527 3764 iusticia
1567 3713 1802 3764 vosmet
1843 3705 2074 3764 saluare
2114 3705 2353 3782 putatis,

990 3800 1151 3863 Cum
1194 3803 1269 3861 sit
1310 3801 1404 3862 lex
1444 3799 1577 3860 aliis
1619 3803 1863 3862 vendita
1901 3811 2098 3864 vestra
2137 3803 2293 3864 dolis
2313 3805 2341 3862 Ρ

991 3897 1049 3959 Ο
1092 3898 1407 3959 dilectores
1450 3900 1661 3960 mundi
1704 3897 1959 3978 salsique
2000 3911 2299 3977 potenteS,

990 3997 1177 4056 Terre
1216 3997 1441 4075 quique
1480 3998 1631 4058 deos
1672 4016 1806 4059 esse
1847 4000 2066 4075 putatis
2107 4017 2272 4077 opes,

995 4092 1053 4154 Ο
1097 4094 1202 4171 qui
1243 4095 1582 4156 mundanos
1622 4097 1710 4156 sic
1751 4097 2038 4156 affectatis
2079 4097 2354 4171 honores,

995 4191 1107 4250 Est
1146 4190 1365 4267 quibus
1405 4193 1647 4253 assidua
1686 4194 2026 4255 sollicitudo
2067 4213 2289 4269 comeS,

995 4289 1225 4350 Discite
1265 4289 1613 4366 precipitem
1654 4291 1798 4367 quia
1837 4291 2036 4369 sepius
2075 4291 2262 4353 ardua
2301 4311 2522 4354 casum·

1636 4417 1736 4465 303
1768 4403 1863 4452 sub
1883 4411 2002 4455 aeta
2021 4404 2066 4454 C

2935 3629 3038 3681 3¹0
