3434 5142
1073 450 1358 516 LIBER
1417 449 1891 515 SEPTIMUS
2488 468 2611 543 313

547 608 905 686 Consumpti
944 608 1147 683 simus,
1189 607 1440 687 corrigat
1479 607 1608 685 ipse
1647 609 1857 671 malus,

631 708 886 785 Corrigit
926 708 1026 766 hic
1067 708 1380 781 mundum,
1426 708 1529 784 qui
1570 726 1674 767 cor
1713 706 1928 768 retinet
1969 706 2081 767 sibi
2125 706 2455 767 mundum:

551 805 674 867 Cor
715 806 900 883 magis
943 806 1102 865 vnde
1143 815 1321 883 regat,
1365 807 1478 865 hec
1519 804 1633 865 sibi
1675 807 1895 882 scripta
1933 806 2106 882 legat.

551 902 736 977 Quod
777 903 983 979 scripsi
1023 900 1216 980 plebis
1256 922 1371 965 vox
1408 912 1515 977 est,
1560 913 1666 964 set
1707 913 1776 963 et
1816 904 1950 963 ista
1989 900 2287 974 videbis,

551 1000 708 1075 Quo
749 1002 1008 1059 clamat
1049 1002 1370 1077 populu-⁰0,
1415 1011 1521 1061 est
1561 1000 1660 1061 ibi
1703 1018 1881 1077 sepe
1909 1000 2097 1060 deus,
2462 1018 2589 1073 1470

548 1094 672 1172 Qui
715 1096 910 1157 bonus
953 1106 1044 1157 est
1083 1098 1250 1158 audit
1289 1096 1470 1171 bona,
1514 1108 1605 1157 set
1643 1114 1955 1175 peruersus
1995 1094 2261 1167 obaudit,

549 1194 649 1253 Ad
692 1193 854 1254 bona
895 1204 986 1255 set
1029 1214 1252 1272 pronus
1292 1195 1496 1256 audiat
1537 1195 1650 1255 ista
1689 1194 1904 1254 bonus·

551 1292 693 1351 Hec
735 1292 818 1351 ita
859 1291 1074 1369 scripta
1115 1291 1263 1353 sciat
1303 1293 1510 1366 malus,
1554 1303 1617 1352 vt
1657 1292 1856 1352 bonus
1896 1290 2181 1351 ammodo
2222 1290 2341 1363 fiat,

551 1389 631 1448 Et
673 1387 869 1449 bonus
910 1390 1024 1449 hec
1067 1399 1290 1466 querat,
1332 1400 1395 1449 vt
1437 1390 1684 1450 meliora
1721 1400 1901 1466 gerat.

551 1486 823 1547 Mundus
863 1506 990 1548 non
1029 1486 1174 1547 ledit
1214 1485 1454 1560 iustum,
1500 1486 1654 1547 bene
1695 1486 2031 1547 dummodo
2072 1484 2277 1560 credit,

554 1584 822 1658 Quando
863 1595 954 1645 set
993 1583 1243 1658 excedit,
1288 1585 1550 1644 mundus
1589 1585 1669 1645 ad
1709 1604 1875 1644 arma
1914 1581 2107 1645 redit:

555 1682 826 1742 Mundus
867 1684 976 1743 erit
1017 1684 1167 1755 talis,
1213 1683 1384 1743 fuerit
1425 1683 1633 1741 vinens
1675 1682 1861 1742 homo
1903 1682 2132 1759 qualis3

554 1779 771 1840 Obstet
809 1782 1000 1841 vitalis
1041 1780 1290 1857 quilibet
1332 1798 1472 1857 ergo
1513 1779 1700 1840 malis.

559 1876 791 1954 Culpa
829 1877 1115 1954 quidem
1158 1877 1316 1951 lata,
1362 1896 1498 1954 qua
1536 1876 1759 1937 virtus
1802 1886 1940 1936 stat
1981 1877 2257 1950 viciata,

561 1974 738 2035 Cum
783 1992 920 2035 non
963 1986 1257 2053 purgata
1297 1972 1508 2035 fuerit
1550 1984 1656 2034 set
1696 1976 2130 2047 continuata,
2464 1983 2591 2048 1480

559 2072 721 2146 Que
761 2073 1016 2133 meruit
1057 2074 1199 2133 fata
1241 2084 1403 2132 sunt
1444 2070 1582 2132 sibi
1623 2073 1759 2132 fine
1800 2072 1981 2133 data.

465 2236 740 2304 Explicit
809 2237 1056 2292 libellus
1127 2238 1232 2306 qui
1301 2236 1663 2291 intitulatur
1731 2235 1876 2290 Vox
1946 2235 2317 2301 clamantis,
2386 2236 2591 2291 editus

393 2324 686 2391 precipue
741 2338 930 2392 super
991 2324 1260 2379 articulo
1319 2323 1507 2392 primi
1563 2323 1913 2386 infortunii,
1971 2323 2133 2390 quod
2194 2324 2591 2379 infortunato

394 2410 668 2465 Ricardo
716 2412 992 2467 secundo
1041 2411 1108 2465 in
1156 2411 1511 2481 primordiis
1559 2412 1739 2479 regni
1786 2410 1903 2475 sui,
1950 2413 2026 2465 vt
2074 2411 2362 2476 audietis,
2410 2412 2593 2480 quasi

393 2514 474 2553 ex
512 2499 614 2553 dei
667 2500 872 2568 virge.
931 2500 1300 2554 notabiliter
1359 2500 1427 2553 in
1486 2498 1725 2567 Anglia
1786 2499 2213 2567 contingebat.
2286 2499 2368 2555 Et
2426 2514 2593 2555 nunc

394 2589 678 2653 vlteriuS,
738 2588 886 2655 quia
958 2589 1094 2657 ipse
1158 2602 1289 2642 nou
1359 2586 1506 2641 inde
1572 2601 1910 2652 remorsus,
1976 2587 2166 2641 immo
2236 2588 2443 2655 magis
2509 2588 2594 2642 ad

393 2676 642 2730 modum
717 2678 960 2731 tiranni
1017 2676 1370 2739 induratae,
1432 2690 1695 2743 regnum
1754 2691 1933 2729 suum
2000 2676 2277 2731 assiduis
2346 2690 2593 2744 oppres·

395 2763 681 2818 sionibus
735 2764 1134 2820 incessanter
1181 2764 1506 2831 flagellare
1554 2778 1684 2818 non
1734 2763 2006 2829 desistit,
2055 2763 2265 2818 diuine
2312 2764 2595 2818 vindicte

396 2851 707 2919 flagellum
771 2867 973 2920 vsque
1033 2852 1103 2906 in
1163 2867 1275 2907 sue
1334 2851 1756 2920 deposicionis
1822 2851 2262 2907 exterminium
2321 2866 2451 2905 non
2511 2852 2595 2904 in·

394 2939 620 2994 merito
689 2944 1021 2995 assecutus
1099 2942 1216 2995 est.
1291 2938 1453 2993 Tres
1521 2953 1795 3007 namque
1865 2942 2019 2994 tunc
2091 2939 2274 3007 regni
2346 2938 2593 2994 nobiles

397 3041 586 3095 cuper
642 3028 764 3082 hoc
813 3028 1155 3097 specialius
1203 3028 1378 3093 moti,
1428 3026 1674 3081 scilicet
1722 3026 2001 3081 Th0mas
2047 3026 2187 3080 Dux
2244 3026 2594 3091 Glouernie,

399 3114 504 3182 qui
562 3115 918 3182 vulgariter
969 3114 1180 3170 dictus
1241 3118 1342 3170 est
1410 3113 1666 3182 cigna,
1724 3114 2037 3167 Ricardue
2104 3112 2329 3169 Comes
2396 3114 2596 3168 Arun-

396 3202 598 3265 dellie,
668 3204 772 3271 qui
841 3202 1068 3257 dicitur
1140 3202 1328 3270 Eque,
1400 3202 1683 3256 Thomas
1756 3199 1983 3255 Comes
2049 3202 2129 3257 de
2193 3202 2596 3271 Warrewyk,

398 3291 578 3345 cuiue
620 3305 850 3347 nomen
891 3288 1115 3356 Vrsue,
1154 3290 1245 3344 hii
1279 3303 1436 3345 vero
1483 3289 1815 3344 vnanimee
1856 3303 1995 3342 cum
2044 3289 2411 3358 quibusdam
2449 3290 2597 3345 aliie

399 3379 762 3447 proceribus
838 3379 962 3434 eibi
1039 3378 1505 3443 adherentibus,
1576 3379 1654 3433 vt
1729 3378 1905 3445 regie
1981 3378 2234 3433 malicie
2308 3377 2596 3432 fautores

401 3467 700 3532 delerent,
746 3467 830 3521 ad
865 3466 965 3522 dei
1011 3467 1259 3521 laudem
1305 3466 1606 3535 regnique
1648 3465 2038 3520 commodum
2088 3465 2157 3519 in
2204 3480 2398 3519 manu
2443 3464 2598 3518 forti

397 3555 568 3610 iusto
613 3555 826 3609 animo
859 3554 1134 3610 viriliter
1167 3554 1665 3619 insurrexerunt,
1702 3556 1890 3622 prout
1927 3554 1994 3607 in
2028 3552 2151 3607 hac
2188 3552 2599 3620 cenaequenti

400 3642 673 3708 cronica,
738 3657 857 3712 que
915 3642 1233 3713 tripertita
1297 3643 1418 3708 eet,
1476 3642 1756 3711 scriptor
1810 3640 2214 3696 manifestius
2272 3639 2597 3695 declarare

395 3730 684 3787 intendit.

469 3866 596 3927 14⁶9
615 3864 653 3914 f.
695 3864 816 3914 Text
836 3863 1074 3915 SCEHG
1100 3863 1174 3928 (in
1199 3863 1300 3913 ista
1324 3862 1390 3929 E)
1459 3878 1555 3927 per
1573 3864 1769 3927 scripta
1792 3864 1999 3914 cauebis
2022 3864 2140 3927 Que
2163 3864 2295 3914 mala
2314 3863 2598 3929 sunt‚'ideo

399 3950 452 3991 te
486 3943 633 3992 dabis
665 3949 820 4003 utque
852 3943 955 3991 deo
992 3942 1210 3991 DLTH2
1276 3943 1587 4007 (perscripta
1623 3942 1694 4008 D)
1966 3942 2191 4004 1479-81
2230 3941 2445 3991 DLTH2
2474 3942 2599 3992 have

400 4025 496 4069 troo
517 4020 640 4068 lines
659 4018 786 4081 onor,
813 4020 1083 4081 asfhllows
1102 4036 1183 4068 :—

793 4096 1044 4145 Omnibus
1078 4097 1191 4159 ipse
1226 4103 1398 4146 tamen
1432 4098 1582 4161 peior
1611 4092 1753 4166 eum?
1781 4098 1879 4147 sed
1909 4096 2207 4147 releuamen

795 4176 900 4224 Det
932 4175 1087 4224 michi
1123 4190 1216 4238 per
1248 4177 1432 4225 flamen
1468 4176 1706 4225 conditor
1737 4176 1892 4226 orbis.
1960 4175 2147 4228 Amen.
2443 4176 2598 4237 1480*

469 4252 737 4313 Expucrr,
755 4256 850 4303 ὅτε.
919 4252 1145 4317 Explicit
1169 4253 1372 4303 libellus
1386 4253 1472 4316 qui
1496 4253 1787 4303 intitulatur
1802 4252 1920 4304 Vox
1936 4253 2219 4305 clamantis
2243 4253 2501 4319 (omitting
2520 4254 2600 4303 the

401 4330 518 4397 nst)
543 4330 760 4381 EDTH=
828 4330 1054 4393 Explicit
1075 4331 1207 4381 liber
1227 4330 1509 4380 intitulatus
1531 4330 1649 4379 Vox
1671 4331 1940 4381 clamantis
1964 4333 2219 4398 (omitting
2237 4334 2317 4382 Hie
2337 4330 2453 4397 rest)
2478 4332 2520 4381 L

467 4424 499 4470 4
533 4412 678 4473 virga
701 4410 785 4459 dei
809 4408 958 4459 CHG
1160 4423 1220 4457 12
1253 4408 1512 4473 Warwyk
1535 4409 1634 4459 CH

2626 3050 2687 3085 10
