3434 5142
785 498 870 559 44

1485 476 1685 544 VOX
1743 474 2288 544 CLAMANTIS

786 637 981 703 Bane,
1006 638 1112 706 qui
1140 652 1253 693 eon
1280 636 1365 692 ad
1384 652 1572 693 omne
1594 635 1808 691 scelus
1821 636 1974 691 tunc
1993 634 2366 705 instigabat,
2387 637 2458 691 et
2479 635 2666 705 quad
2684 634 2996 707 propheta

786 726 955 782 inter
978 740 1093 781 eoa
1114 725 1548 795 reputabatur.

604 848 798 924 Capu.
831 846 905 907 xi.

1030 847 1230 908 Watte
1268 855 1459 919 vocat,
1498 844 1597 906 cui
1634 844 1939 905 Thomme
1975 845 2157 917 venit,
2198 860 2398 923 neque
2435 844 2680 921 Symme
2715 844 2988 914 retardat,

949 945 1123 1005 Bette
1163 960 1284 1022 que
1325 942 1529 1005 Gibbe
1571 943 1750 1003 simul
1794 942 2017 1019 Hylike
2055 943 2258 1004 venire
2299 941 2545 1004 iubent:

946 1042 1121 1103 Colle
1160 1042 1317 1116 furit,
1359 1060 1541 1119 quem
1584 1042 1760 1103 Geffe
1801 1041 1983 1113 iuuat,
2025 1048 2393 1102 nocumenta
2431 1050 2726 1117 parantes,

947 1140 1105 1201 Cum
1149 1138 1369 1219 quibus
1409 1140 1489 1201 ad
1530 1140 1862 1217 dampnum
1903 1138 2082 1199 Wille
2122 1138 2284 1199 coire
2323 1148 2522 1199 vouet.

948 1237 1167 1316 Grigge
1210 1238 1378 1315 rapit,
1423 1238 1571 1298 dum
1610 1238 1798 1299 Dave
1837 1236 2062 1313 strepit,
2101 1254 2308 1297 comes
2349 1246 2440 1296 est
2479 1233 2702 1313 quibus
2741 1232 2986 1307 Hobbe‚

948 1335 1189 1413 Lorkyn
1231 1346 1293 1396 et
1333 1336 1394 1395 in
1436 1335 1642 1396 medio
1682 1354 1808 1395 non
1849 1334 2047 1395 minor
2085 1352 2219 1395 esse
2257 1343 2464 1411 putat:

951 1433 1183 1494 Hudde
1224 1432 1373 1508 ferit,
1418 1452 1572 1511 quos
1614 1432 1814 1493 Iudde
1855 1433 2006 1503 terit,
2049 1432 2198 1493 dum
2239 1430 2457 1493 Tebbe
2494 1432 2770 1506 minatur,

950 1531 1138 1593 Iakke
1179 1531 1397 1593 domos
1436 1551 1557 1610 que
1596 1532 1754 1592 viros
1795 1530 1958 1591 vellit
1999 1540 2062 1592 et
2102 1548 2249 1593 ense
2291 1539 2504 1591 necat:
2892 1546 2991 1603 790

949 1630 1169 1709 Hogge
1207 1648 1377 1691 suam
1418 1646 1703 1708 pompam
1744 1627 1953 1702 vibrat,
1996 1628 2145 1689 dum
2187 1645 2253 1689 se
2293 1636 2464 1706 putat
2501 1626 2670 1687 omni

948 1730 1244 1789 Maiorem
1287 1729 1456 1806 Rege
1496 1726 1810 1788 nobilitate
1849 1727 2014 1789 fore:

946 1825 1114 1886 Balle
1154 1826 1446 1904 propheta
1485 1826 1682 1901 docet,
1725 1844 1909 1903 quem
1951 1824 2191 1902 spiritus
2230 1834 2372 1885 ante
2412 1822 2707 1901 malignus

948 1924 1226 1998 Edocuit,
1271 1942 1392 2002 que
1432 1942 1539 1985 sua
1580 1934 1726 1985 tunc
1767 1924 1878 1984 fuit
1915 1923 2038 1983 alta
2077 1923 2256 1983 scola.

944 2022 1118 2082 Talia
1157 2041 1339 2101 quam
1380 2022 1579 2101 plures
1623 2023 1802 2083 furias
1843 2040 1951 2099 per
1992 2022 2241 2082 nomina
2281 2020 2444 2093 noui,

945 2121 1086 2197 Que
1127 2121 1357 2182 fuerant
1396 2121 1513 2181 alia
1554 2138 1748 2199 pauca
1787 2120 2070 2181 recordor
2108 2136 2260 2197 ego:

946 2219 1159 2295 Sepius
1199 2219 1534 2280 exclamant
1574 2227 1974 2279 monstrorum
2015 2216 2268 2279 vocibus
2307 2212 2458 2291 altis,

947 2317 1149 2393 Atque
1190 2316 1387 2375 modis
1428 2316 1601 2376 variis
1642 2316 1792 2377 dant
1831 2316 2055 2377 variare
2095 2326 2290 2377 tonos,

1026 2412 1293 2490 Quidam
1335 2423 1667 2473 sternutant
1704 2414 2012 2474 asinorum
2054 2432 2222 2475 more
2262 2412 2470 2487 ferin0,

946 2510 1215 2588 Mugitus
1255 2510 1503 2588 quidam
1545 2529 1909 2588 personuere
1949 2512 2177 2587 boum3
2887 2518 2989 2569 800

946 2608 1213 2685 Quidam
1256 2627 1568 2686 porcorum
1611 2610 1924 2687 grunnitus
1966 2610 2324 2671 horridiores

947 2705 1263 2781 Emittunt,
1306 2724 1427 2783 que
1468 2725 1580 2767 suo
1618 2726 1925 2769 murmure
1963 2717 2120 2770 terra
2159 2706 2357 2768 tremit
2385 2730 2399 2769 :

944 2804 1207 2865 Frendet
1246 2822 1389 2882 aper
1428 2824 1732 2883 spumam,
1778 2824 2028 2884 magnos
2071 2806 2211 2866 facit
2250 2816 2432 2885 atque
2473 2804 2778 2878 tumultur»,

944 2902 1026 2962 Et
1068 2902 1306 2980 quiritat
1343 2921 1541 2964 verres
1580 2914 1760 2983 auget
1800 2914 1860 2965 et
1902 2905 2032 2983 ipse
2069 2922 2292 2979 sonos3

946 3000 1339 3078 Latratusque
1380 3002 1538 3062 ferus
1580 3002 1740 3063 vrbis
1781 3013 2212 3081 compresserat
2253 3020 2442 3077 aurae,

945 3099 1233 3175 Dumque
1270 3117 1489 3160 canum
1530 3100 1760 3161 discors
1801 3119 1916 3161 vox
1957 3099 2280 3161 furibunda
2317 3101 2496 3162 volat.

942 3196 1157 3272 Vulpis
1198 3214 1380 3273 egens
1419 3198 1623 3272 vlulat,
1667 3199 1846 3275 lupus
1887 3209 1949 3260 et
1988 3210 2259 3259 versutus
2302 3198 2364 3258 in
2405 3198 2592 3258 altum

944 3292 1317 3368 Conclamat,
1361 3313 1481 3372 que
1521 3313 1663 3357 suos
1702 3306 2002 3357 conuocat
2043 3298 2172 3373 ipse
2211 3314 2419 3373 pares;

946 3391 1007 3453 N
1009 3409 1082 3452 ec
1120 3392 1320 3455 minus
1362 3393 1425 3453 in
1467 3393 1667 3455 sonitu
1706 3394 2012 3455 concussit
2049 3395 2314 3473 garrulus
2355 3412 2538 3455 ancer

944 3492 1154 3565 Aures,
1199 3510 1319 3569 que
1359 3491 1560 3553 subito
1600 3492 1763 3553 fossa
1801 3492 2010 3554 dolore
2051 3502 2311 3569 pauent:
2889 3502 2988 3549 810

944 3587 1302 3650 Bombizant
1342 3608 1541 3667 vaspe,
1584 3609 1771 3652 sonus
1811 3601 1904 3652 est
1939 3589 2273 3651 horrendus
2313 3607 2538 3665 eorum,

945 3686 1162 3746 Nullus
1203 3697 1265 3747 et
1304 3706 1555 3750 examen
1598 3689 1976 3750 dinumerare
2018 3698 2251 3767 potest:

943 3783 1343 3846 Conclamant
1384 3788 1600 3863 pariter
1640 3788 1850 3849 hirsuti
1892 3805 2060 3849 more
2099 3787 2309 3861 leonis,

943 3882 1267 3961 Omneque
1308 3884 1375 3945 fit
1416 3886 1583 3963 peius
1626 3886 1794 3966 quod
1834 3888 1946 3946 fuit
1985 3896 2126 3947 ante
2167 3886 2408 3945 malum.

943 3979 1109 4041 Ecce
1148 3981 1313 4042 rudis
1353 3983 1612 4061 clangor,
1656 4002 1842 4045 sonus
1882 3984 2054 4059 altuS,
2099 3982 2359 4061 fedaque
2397 3982 2538 4057 rixa,

943 4079 1081 4141 Vox
1120 4079 1203 4138 ita
1240 4078 1515 4142 terribilis
1557 4099 1682 4142 non
1725 4081 1836 4143 fuit
1874 4082 1992 4143 vlla
2029 4080 2230 4159 prius:

849 4232 977 4297 Cap.
1004 4233 1073 4281 xi.
1108 4232 1352 4301 Haeadae'ng
1410 4250 1444 4299 3
1478 4244 1601 4287 tunc
1624 4253 1726 4287 om.
1749 4237 1796 4287 Τ

850 4312 947 4372 784
980 4310 1233 4374 Bettequs
1251 4312 1450 4364 CEHG
1516 4314 1782 4378 Recteqae
1804 4314 1898 4365 DT
2059 4314 2234 4379 hykke
2256 4314 2301 4365 C
2367 4314 2521 4365 hikke
2545 4313 2588 4365 E
2655 4312 2807 4364 hicke
2829 4310 2987 4365 1161>

784 4390 881 4450 788
903 4390 1099 4439 Lorkin
1125 4390 1279 4441 HGD
1426 4392 1523 4457 789
1542 4393 1720 4445 Cebbe
1743 4394 1792 4445 D
1937 4394 2213 4458 7901acke
2238 4392 2395 4444 HGD
2535 4408 2633 4460 ‘192
2665 4392 2805 4459 sore]
2825 4406 2920 4443 sua
2945 4390 2986 4440 E

784 4480 879 4531 795
899 4468 1235 4533 quamplures
1259 4468 1415 4521 HGD
1611 4472 1707 4522 811
1745 4486 1924 4523 eorum
1946 4470 2190 4525 CEHGT
2253 4488 2431 4524 earum
2455 4472 2504 4522 D
