3434 5142
1218 472 1502 536 LIBER
1557 472 1970 539 TERCIUS

642 634 871 707 Fastus,
917 642 976 693 et
1018 650 1092 693 ex
1133 633 1344 693 humili
1385 633 1569 694 corde
1609 644 1847 711 paretur
1886 654 2056 713 opus.

641 733 947 793 Incertum
987 731 1239 804 dimitte,
1283 741 1422 791 tene
1461 740 1707 806 certum,
1752 732 1894 809 quia
1934 733 2113 795 Cristi

640 832 828 889 Actus
869 841 995 890 erat
1033 830 1216 907 pacis,
1259 828 1418 889 bella
1459 846 1570 889 nec
1609 830 1729 889 vlla
1769 842 1989 893 mouet.

640 927 702 987 Si
744 937 922 1003 oeput
963 927 1215 986 ecclesie
1255 926 1566 1004 delinquat
1604 926 1684 987 ab
1726 929 1939 989 ordine
1978 948 2164 1004 sacre,

641 1026 802 1086 Ecce
843 1026 1070 1102 nephas
1111 1025 1322 1102 capitis
1363 1023 1632 1086 membra
1673 1028 1997 1103 nephanda
2037 1039 2218 1105 parat.

719 1172 889 1233 Ordo
930 1172 1308 1233 sacerdotum
1351 1190 1458 1248 pro
1501 1172 1679 1233 Cristi
1724 1174 1969 1234 nomine
2008 1194 2247 1252 guerras

637 1270 782 1330 Non
824 1270 1008 1343 dedit,
1052 1271 1240 1330 immo
1277 1269 1400 1347 pati
1439 1288 1578 1329 cum
1621 1272 1840 1347 pietate
1880 1272 2048 1332 solet.

637 1370 688 1429 F
688 1365 920 1428 ustibus
961 1367 1044 1427 hii
1085 1367 1223 1427 torti
1266 1385 1632 1445 quemquam
1673 1378 1949 1446 torquere
1990 1381 2281 1443 recusant,

636 1465 993 1543 Cunctaque
1034 1466 1120 1525 sic
1161 1466 1424 1539 vincunt,
1469 1466 1616 1526 dum
1658 1466 1962 1543 pacienter
2000 1479 2226 1545 agunt3

638 1564 836 1641 Inque
878 1562 1042 1623 bono
1082 1564 1276 1623 vicere
1317 1564 1561 1637 malum,
1606 1566 1747 1641 quia
1790 1566 2021 1627 Cristus
2062 1584 2267 1628 eorum

637 1663 778 1722 Dux
820 1662 947 1735 suit,
993 1672 1052 1721 et
1094 1661 1260 1722 iustis
1302 1661 1456 1720 iusta
1497 1662 1682 1738 petita
1724 1660 1923 1722 dabat.

636 1759 918 1836 Quesiuit
959 1757 1235 1836 precibus
1276 1756 1439 1819 bona
1481 1760 1806 1836 spiritualia
1848 1761 2076 1834 Petrus,

591 1934 596 1939 β
634 1858 794 1917 Vicit
835 1867 897 1917 et
937 1857 1167 1935 egregie
1215 1857 1300 1917 sic
1343 1876 1452 1918 sua
1492 1856 1650 1917 bella
1691 1876 1905 1935 prece:

637 1956 776 2015 Hec
817 1954 926 2014 fuit
967 1954 1183 2015 excelsi
1225 1956 1431 2017 dextre
1472 1956 1733 2029 victoria,
1777 1955 1947 2015 cuius

632 2051 874 2113 Viribus
916 2052 1166 2113 efficitur
1206 2054 1493 2131 quicquid
1535 2053 1748 2113 adesse
1789 2053 1969 2137 cupit.

633 2148 856 2209 Omnia
897 2168 1160 2227 namque
1202 2152 1299 2227 pie
1341 2152 1698 2223 moderatur,
1744 2160 1804 2209 et
1846 2150 2049 2210 omnia
2090 2150 2248 2212 iusto

632 2248 910 2309 Pondere
949 2249 1281 2326 perpendit,
1325 2250 1470 2310 dum
1515 2266 1625 2309 sua
1665 2258 1805 2309 vota
1846 2249 2054 2309 dedit:

630 2346 731 2407 Sic
770 2344 873 2423 qui
915 2347 1278 2424 prospiceret
1321 2348 1498 2410 Cristi
1540 2347 1837 2408 meditans
1867 2348 2169 2423 pietatem,

631 2444 774 2505 Non
816 2444 1082 2504 tumidus
1125 2444 1291 2505 fieret
1333 2464 1446 2505 nec
1486 2445 1730 2506 leuitate
1772 2445 2005 2505 fluens-

712 2543 854 2602 Non
897 2543 1006 2602 suit
1047 2553 1358 2621 argentum
1401 2542 1515 2603 sibi
1559 2543 1705 2603 dixit
1749 2544 1957 2604 Petrus
1999 2554 2060 2603 et
2099 2560 2327 2617 aurum,

631 2641 733 2702 Set
773 2640 1042 2717 preciosa
1084 2642 1270 2719 magis
1312 2642 1417 2702 dat
1458 2640 1573 2702 sibi
1615 2641 1778 2701 dona
1820 2642 2007 2702 deus:

629 2740 876 2799 Dixerat
917 2740 1016 2799 hic
1059 2740 1276 2801 claudo
1317 2740 1482 2817 quod
1525 2750 1737 2817 surgat,
1786 2741 1971 2817 surgit
2012 2749 2073 2799 et
2115 2739 2233 2812 ille,

626 2837 917 2899 Ambulet
958 2848 1019 2899 et
1060 2839 1252 2911 vadat,
1299 2838 1462 2897 vadit
1503 2846 1565 2897 et
1607 2836 1735 2914 ipse
1777 2838 1992 2897 statim.

628 2936 807 2994 Nunc
849 2936 996 3012 quid
1039 2936 1147 2995 erit
1189 2935 1409 2996 nobis?
1463 2953 1605 2994 nam
1648 2934 1696 2993 si
1741 2934 1828 2994 vir
1868 2934 2129 3011 postulet
2170 2934 2366 2995 omnis

626 3034 710 3093 Vt
749 3034 836 3093 sic
877 3052 1169 3107 curemuS,
1213 3031 1443 3109 absque
1484 3032 1674 3093 salute
1715 3051 1939 3093 sumuS.

629 3130 770 3190 Non
812 3130 995 3192 habet
1036 3132 1224 3192 elatus
1265 3131 1517 3203 animus,
1565 3150 1686 3208 quo
1730 3130 1909 3207 digna
1950 3140 2237 3208 precetur,

629 3229 819 3291 Molle
861 3248 964 3289 cor
981 3251 1001 3305 3
1055 3229 1134 3289 ad
1175 3227 1416 3288 timidas
1457 3230 1562 3289 dat
1603 3229 1755 3290 deus
1785 3228 1971 3288 immo
2012 3245 2235 3305 preceS.

626 3326 750 3401 Qui
791 3327 980 3387 suerat
1020 3327 1212 3387 dulcis
1255 3325 1478 3386 salibus
1519 3327 1769 3386 viciatur
1808 3326 2040 3400 amariS,

627 3425 889 3501 Floriger
929 3435 989 3485 et
1029 3426 1180 3484 veris
1223 3423 1468 3485 floribus
1508 3433 1669 3485 extat
1709 3424 1905 3501 inops·

623 3524 794 3582 Auro
835 3522 1134 3599 magnifici
1177 3541 1384 3582 sumus
1425 3531 1486 3583 et
1526 3522 1756 3583 virtutis
1796 3521 1986 3600 egeni,

625 3618 784 3678 Nam
825 3637 944 3696 que
985 3629 1126 3679 sunt
1164 3620 1293 3679 auri
1334 3620 1612 3680 duximus
1653 3619 1754 3679 illa
1794 3619 2003 3697 sequi:

623 3718 853 3776 Aurum
895 3718 944 3776 si
987 3718 1120 3794 quis
1163 3717 1360 3791 habet,
1407 3718 1550 3777 satis
1592 3717 1790 3795 ipsum
1832 3726 2068 3777 constat
2109 3716 2347 3791 habere,

624 3814 734 3874 Est
772 3825 833 3874 et
875 3816 937 3875 in
978 3815 1097 3875 hoc
1137 3816 1369 3876 mundo
1411 3816 1496 3875 sic
1537 3814 1892 3875 benedictus
1935 3815 2139 3875 homo·

625 3912 830 3973 Influit
871 3913 934 3971 in
974 3913 1116 3973 cleri
1157 3924 1318 3974 totus
1359 3913 1529 3991 quasi
1571 3913 1836 3973 mundus
1878 3912 2125 3985 hiatum,

622 4010 818 4088 Inque
858 4030 994 4072 suas
1035 4012 1237 4079 fauces
1277 4030 1456 4073 aurea
1497 4030 1737 4091 queque
1777 4021 1977 4072 vorat:

619 4108 704 4169 Vt
742 4118 946 4171 tamen
986 4109 1130 4175 inde
1171 4109 1338 4170 iuuet
1377 4111 1606 4187 inopes,
1651 4127 1777 4170 non
1819 4109 2065 4187 paruula
2104 4118 2274 4187 gutta

619 4207 862 4279 Refluit,
907 4209 1094 4268 immo
1134 4218 1314 4269 tenax
1353 4207 1614 4285 propriat
1654 4227 1839 4269 omne
1880 4207 2013 4269 sibi.

618 4304 696 4365 Se
736 4304 904 4366 dedit
942 4306 1006 4365 in
1047 4307 1314 4383 precium
1357 4305 1588 4368 Cristus
1627 4324 1738 4383 pro
1780 4324 2029 4367 munere
2068 4304 2249 4385 plebi,

619 4401 750 4463 Nos
789 4412 992 4463 tamen
1035 4404 1247 4481 ingrati
1289 4414 1492 4464 nostra
1532 4421 1819 4481 negamus
1860 4404 1933 4463 ei.

2570 498 2686 559 127

2582 1292 2680 1348 ⁷40

2568 3238 2668 3305 760

2564 4226 2661 4283 770
