3434 5142
811 442 902 513 82
1529 438 1720 503 VOX
1780 436 2323 503 CLAMANTIS

891 1144 1010 1199 Hic
1046 1144 1199 1199 dicit
1233 1144 1396 1211 quod
1434 1143 1573 1211 ipse
1607 1142 1737 1196 iam
1772 1140 2073 1208 vigilans,
2098 1138 2437 1195 secundum
2469 1156 2693 1195 vocem
2728 1156 2915 1209 quam
2950 1141 3019 1195 in

821 1231 1106 1301 sompnis
1139 1234 1490 1301 acceperat,
1513 1230 1790 1285 'intendit
1820 1228 2097 1283 scribere
2131 1241 2208 1283 ea
2241 1240 2360 1296 que
2390 1228 2465 1283 de
2497 1228 2727 1284 mundo
2759 1230 2923 1283 vidit
2956 1233 3021 1285 et

823 1320 1082 1384 audiuit,
1121 1323 1187 1376 et
1209 1322 1405 1374 vocat
1435 1319 1707 1373 libellum
1734 1318 1933 1371 istum
1966 1316 2112 1371 Vox
2152 1314 2525 1380 clamantia,
2562 1317 2710 1384 quia
2747 1315 2825 1370 de
2858 1330 3021 1370 voce

823 1412 888 1463 et
924 1410 1196 1463 clamore
1225 1407 1408 1475 quasi
1439 1406 1716 1461 omnium
1746 1407 2090 1473 conceptus
2123 1406 2254 1467 est3
2284 1404 2457 1459 vnde
2488 1404 2559 1457 in
2588 1405 2774 1459 huius
2810 1404 3022 1472 operis

823 1496 1124 1550 auxilium
1149 1495 1438 1564 spiritum
1465 1494 1753 1548 sanctum
1778 1493 2057 1547 inuocat.

1327 1692 1572 1766 Incipit
1614 1693 1947 1766 prologus
1986 1692 2143 1751 libri
2186 1688 2501 1752 Secundi.

1003 1852 1316 2013 Multa
1355 1852 1602 1928 quidem
1643 1850 1766 1911 vidi
1804 1850 2163 1927 diuet-saque
2204 1851 2394 1910 multa
2436 1849 2663 1922 notaui,

1256 1950 1394 2025 Que
1437 1949 1544 2009 tibi
1588 1949 1714 2009 vult
1755 1949 2091 2009 meminens
2133 1946 2392 2009 scribere
2432 1966 2633 2025 penna
2672 1964 2966 2023 sequens:

985 2048 1128 2107 Non
1169 2057 1371 2107 tamen
1414 2047 1665 2123 inceptis
1706 2064 1820 2124 ego
1861 2064 2063 2106 musas
2103 2046 2340 2120 inuoco,
2385 2063 2500 2105 nec
2541 2046 2656 2106 diis

985 2146 1264 2217 ImmolO,
1309 2156 1398 2205 set
1440 2145 1572 2204 solo
1613 2142 1963 2203 sacrificabo
2005 2143 2138 2204 deo,

983 2243 1235 2319 Spiritus
1275 2242 1433 2301 alme
1473 2242 1640 2314 deus,
1684 2241 2023 2301 accendens
2066 2251 2307 2318 pectore
2350 2259 2577 2315 sensus,
2638 2246 2643 2253 '

984 2340 1207 2401 Intima
1247 2350 1312 2400 tu
1355 2340 1510 2399 serui
1551 2340 1808 2417 pectoris
1848 2358 1950 2400 vre
1990 2341 2113 2401 tui:

983 2438 1182 2515 Inque
1222 2447 1346 2510 tuo,
1393 2438 1603 2512 Criste,
1649 2436 1864 2498 laxabo
1906 2438 2153 2498 nomine
2193 2437 2379 2512 rethe,

980 2536 1066 2594 Vt
1107 2553 1244 2595 mea
1284 2553 1456 2595 mens
1498 2536 1694 2613 oepiat
1736 2554 1855 2613 que
1896 2533 2011 2596 sibi
2052 2546 2217 2613 grata
2258 2536 2423 2613 petit.

984 2633 1304 2710 Inceptum
1346 2650 1453 2709 per
1493 2641 1554 2692 te
1595 2634 1863 2710 perfecto
1906 2633 2027 2693 fine
2067 2634 2293 2692 fruatur

985 2732 1128 2790 Hoc
1170 2749 1323 2807 opus
1363 2730 1441 2791 ad
1483 2730 1725 2791 laudem
1766 2730 2045 2803 nominis,
2091 2749 2215 2803 oro,
2260 2730 2363 2791 tui.
2960 2752 3023 2789 10

983 2825 1106 2899 Qui
1149 2824 1296 2901 legis
1338 2825 1450 2885 hec
1491 2824 1702 2894 eciam,
1746 2833 1808 2884 te
1849 2826 2139 2901 supplico,
2186 2825 2290 2897 vir,
2336 2824 2502 2901 quod
2543 2824 2797 2886 honeste

982 2922 1211 2999 Scripta
1250 2922 1421 2996 seraS,
1464 2921 1631 2981 viciis
1672 2939 1788 2982 nec
1829 2939 2061 2982 memor
2100 2931 2231 2982 esto
2272 2922 2460 2981 meis:

983 3020 1141 3078 Rem
1183 3038 1308 3079 non
1349 3036 1684 3096 personam,
1731 3028 1997 3080 mentem
2041 3038 2164 3079 non
2206 3038 2424 3096 corpus
2468 3020 2530 3079 in
2572 3020 2687 3080 ista

983 3115 1232 3191 Suscipe
1272 3117 1534 3189 materia,
1581 3133 1713 3175 sum
1758 3117 1936 3175 miser
1976 3115 2106 3193 ipse
2146 3116 2303 3193 quia.

981 3211 1109 3271 Res
1150 3210 1418 3288 preciosa
1459 3221 1660 3271 tamen
1705 3212 1767 3271 in
1809 3211 1910 3271 vili
1952 3230 2095 3289 sepe
2140 3214 2375 3273 Minera

985 3309 1214 3381 Restat,
1259 3319 1320 3369 et
1360 3319 1622 3369 extracta
1661 3310 2097 3372 commoditate
2138 3311 2370 3388 placet:

951 3422 964 3437 ·
983 3406 1128 3466 Hoc
1168 3408 1336 3484 quod
1374 3407 1436 3466 in
1480 3408 1593 3467 hiis
1634 3409 1867 3485 scriptis
1911 3409 2019 3468 tibi
2060 3410 2165 3469 dat
2205 3410 2433 3470 virtutis
2476 3409 2760 3469 honestas

976 3501 1187 3579 Carpe,
1231 3521 1345 3563 nec
1386 3504 1502 3563 vlla
1543 3515 1783 3564 tumens
1824 3506 2095 3565 vlteriora
2135 3516 2290 3582 pete.

982 3600 1044 3661 Si
1086 3610 1146 3661 te
1186 3601 1555 3678 pei-stimulet
1595 3602 1767 3661 stilus
1808 3602 1907 3661 hic
1949 3604 2199 3663 stillatus
2242 3604 2305 3662 in
2344 3622 2504 3677 aure,

981 3698 1070 3757 Sit
1111 3698 1270 3757 racio
1313 3697 1584 3758 medicus
1627 3699 1885 3758 mulceat
1926 3699 2069 3758 inde
2108 3718 2323 3776 graue:
2958 3724 3024 3763 σο

982 3792 1062 3852 Et
1103 3793 1153 3853 si
1195 3793 1543 3870 compositis
1585 3794 1783 3854 verbis
1826 3814 1948 3855 non
1990 3806 2136 3869 vtar‚
2180 3806 2244 3856 vt
2286 3796 2399 3856 illis

981 3890 1180 3949 Metra
1218 3900 1623 3966 perornentur,
1669 3908 1847 3951 cerne
1887 3892 2037 3968 quid
2076 3893 2206 3969 ipsa
2246 3902 2493 3955 notant:

980 3984 1061 4044 Et
1099 3986 1263 4046 rudis
1305 3986 1434 4063 ipse
1473 3987 1622 4047 rude
1663 3988 1713 4047 si
1758 3987 1903 4064 quid
1945 3997 2291 4063 tractauerO,
2336 3989 2513 4067 culpe

981 4082 1107 4157 Qui
1147 4084 1294 4160 legis
1334 4084 1454 4144 hoc
1494 4102 1688 4161 parce,
1735 4084 1903 4162 quod
1944 4085 2088 4145 latet
2130 4086 2291 4147 intus
2332 4086 2533 4149 habe:

879 4250 1122 4316 Heading
1191 4250 1235 4300 L
1255 4268 1474 4302 mames
1489 4254 1602 4303 hm
1800 4268 1825 4303 ι
1860 4254 2067 4319 vocem]
2092 4256 2341 4307 visionem
2368 4256 2495 4307 ΒΗ,
2691 4274 2726 4309 ο
2758 4265 3027 4323 acceperat

811 4335 858 4379 et
877 4346 946 4378 ex
967 4330 1132 4393 plebis
1152 4346 1281 4380 voce
1302 4332 1569 4381 communi
1593 4334 1835 4397 concepit
1859 4332 1903 4382 L

881 4407 1070 4471 Incipit
1090 4408 1338 4473 prologus
1359 4412 1458 4461 Sec.
1483 4425 1583 4460 om.
1607 4411 1651 4460 L
1848 4428 1915 4462 20
1948 4412 2035 4463 Sic
2069 4411 2212 4462 EDL
2278 4412 2373 4463 Set
2396 4412 2442 4462 T
