3434 5142
768 498 852 557 86
1469 484 1666 556 vox·
1726 478 2269 557 CLAMANTI'S

931 655 1012 715 Et
1051 655 1224 715 vertit
1264 648 1474 714 subito
1507 652 1676 729 quod
1715 652 1827 711 fuit
1867 661 2007 712 ante
2048 650 2243 725 retro3

937 752 1200 829 Hocque
1240 760 1440 827 potest
1481 749 1731 827 speculo
1770 748 2043 826 quisquis
2086 748 2423 810 discernere
2466 758 2691 819 nostr0,

933 849 1072 923 Que
1116 850 1310 909 fuerat
1346 847 1544 908 dulcis
1581 864 1749 905 nunc·
1785 846 1851 906 fit
1890 864 2095 907 amara
2134 846 2327 905 nimis
2912 871 2978 920 50

843 1082 963 1137 Hic
1047 1082 1310 1153 corripit
1392 1084 1710 1139 fortunam
1797 1086 1863 1139 et
1944 1083 2045 1138 sui
2130 1086 2396 1140 euentus
2468 1083 2981 1140 inconstanciam

773 1170 1117 1240 deplangit.
1202 1186 1242 1218 ο

604 1292 797 1367 Capru.
830 1292 890 1351 ii.
1021 1292 1080 1354 Ο
1121 1291 1232 1352 tibi
1272 1312 1392 1371 que
1432 1311 1658 1353 nomen
1697 1293 1945 1353 fortune
1979 1292 2264 1369 concipis,
2310 1293 2441 1353 illos

940 1392 1113 1467 Quos
1155 1391 1318 1468 prius
1359 1392 1582 1452 exaltas
1621 1409 1730 1450 cur
1770 1391 2029 1451 violenta
2070 1391 2291 1469 premis
2308 1392 2336 1449 Ρ

943 1488 1084 1547 Hiis
1125 1486 1345 1566 quibus
1385 1490 1658 1549 extiteras
1697 1489 1799 1566 pia
1838 1498 2029 1549 mater
2068 1489 2197 1549 dira
2238 1506 2497 1549 nouerca

943 1585 1228 1659 EfficeriS,
1269 1587 1432 1646 vario
1470 1586 1840 1663 preuaricata
1878 1586 2059 1646 dolo:

944 1684 1115 1759 Quos
1155 1684 1538 1744 conformasti
1581 1694 1686 1743 tua
1724 1702 1851 1743 sors
1888 1683 2165 1744 dissoluit
2206 1684 2273 1743 in·
2308 1684 2478 1757 iram,

945 1782 1118 1857 Quos
1159 1781 1347 1858 magis
1387 1780 1567 1841 vnisti
1606 1780 1831 1859 spergis
1872 1781 1939 1840 in
1976 1799 2160 1842 omne
2200 1782 2443 1843 malum.

944 1879 1006 1939 Si
1047 1879 1242 1956 pudor
1283 1878 1346 1937 in
1383 1879 1539 1938 facie
1577 1878 1819 1938 fallente
1859 1889 1965 1939 tua
2002 1878 2159 1939 foret
2193 1878 2365 1953 lenS,

944 1977 1038 2037 Te
1078 1976 1296 2053 quibus
1337 1976 1602 2037 associas
1639 1994 1765 2036 non
1808 1975 2049 2035 inimica
2088 1975 2267 2036 fores,

951 2073 1200 2133 Dudum
1243 2073 1389 2135 flore
1429 2092 1564 2133 rosa
1605 2074 1825 2146 fueraS,
1864 2084 1956 2134 set
1997 2074 2161 2134 mole
2198 2092 2483 2150 perurens

948 2172 1007 2231 N
1011 2160 1131 2230 unc
1170 2170 1353 2231 vrtica
1393 2190 1602 2248 granas
1644 2189 1801 2248 quos
1839 2172 2109 2232 refouere
2150 2172 2344 2231 soles:
2924 2178 2991 2227 60

949 2267 1198 2330 Mobilis
1239 2280 1330 2329 est
1371 2280 1474 2329 tua
1514 2278 1642 2329 rota
1684 2269 1883 2343 nimis,
1924 2268 2127 2330 subito
2168 2286 2413 2347 quoque
2456 2278 2624 2329 motu

952 2368 1174 2427 Diuitis
1213 2385 1286 2427 ac
1327 2368 1524 2444 inopis
1564 2368 1775 2429 alterat
1816 2368 1945 2444 ipsa
1984 2378 2191 2428 status·

953 2466 1125 2526 Malo
1165 2475 1255 2526 set
1295 2483 1332 2525 a
1372 2465 1564 2525 fundo
1604 2465 2013 2525 conscendere
2055 2483 2289 2524 summa
2329 2474 2611 2537 rotarum,

953 2564 1155 2639 Quam
1196 2561 1363 2640 quod
1401 2560 1480 2622 ab
1522 2563 1761 2623 excelso
1802 2563 2005 2639 lapsus
2044 2563 2123 2623 ad
2162 2581 2303 2639 yma
2342 2562 2591 2636 cadam:

955 2664 1051 2721 De
1091 2678 1268 2737 super
1307 2660 1370 2719 in
1413 2660 1625 2723 subtus
1665 2659 1839 2733 absit,
1882 2660 1965 2721 de
2003 2654 2118 2721 sub
2158 2661 2347 2721 michi
2384 2678 2561 2739 supra

952 2758 1274 2831 Adueniat,
1318 2776 1581 2835 namque
1620 2776 1905 2835 prospera
1942 2759 2109 2834 lapsa
2148 2768 2393 2819 nocent.

954 2857 1064 2915 Est
1104 2873 1245 2915 nam
1285 2854 1522 2916 felicem
1562 2864 1710 2931 puto
1752 2856 2011 2915 maxima
2050 2873 2212 2932 pena
2247 2854 2446 2927 fuisse,

957 2954 1159 3029 Quam
1202 2953 1382 3013 miser
1420 2953 1483 3012 in
1524 2953 1648 3015 vita
1685 2964 1889 3029 posset
1931 2953 2152 3014 habere
2192 2972 2325 3013 sua.

1039 3050 1146 3110 Est
1186 3069 1226 3110 ο
1267 3069 1452 3127 quam
1491 3068 1714 3124 verum,
1759 3050 1927 3127 quod
1969 3048 2215 3111 habenti
2257 3050 2447 3111 multa
2484 3049 2804 3121 dabuntur,

957 3149 1078 3225 Qui
1122 3158 1285 3209 tenet
1325 3157 1386 3209 et
1427 3166 1618 3225 pauca
1656 3149 1905 3227 perdere
1947 3149 2129 3210 debet
2171 3153 2281 3210 ea!
2932 3166 2996 3220 70

957 3247 1102 3307 Hoc
1141 3254 1305 3323 patet
1346 3246 1410 3305 in
1451 3243 1644 3321 nobiS,
1689 3246 1911 3323 quibus
1950 3248 2095 3307 olim
2138 3247 2531 3325 magnificatis

957 3347 1124 3406 Gens
1167 3344 1338 3423 quasi
1378 3336 1505 3405 tot'a
1545 3344 1724 3404 simul
1766 3344 2010 3405 subdita
2050 3345 2205 3405 colla
2246 3344 2447 3405 dabat.

957 3444 1154 3504 Patria
1195 3444 1358 3503 nulla
1398 3442 1530 3517 fuit,
1571 3442 1674 3503 vbi
1716 3461 1829 3503 nos
1872 3443 1935 3502 in
1977 3443 2211 3504 honore
2250 3444 2429 3503 locati

960 3546 1102 3604 Non
1143 3543 1380 3616 fuimuS,
1423 3552 1522 3603 set
1557 3561 1718 3601 nunc
1760 3542 1891 3603 laus
1932 3552 2101 3602 vetus
2142 3543 2279 3603 exul
2318 3541 2527 3603 abest:

959 3640 1176 3702 Omnis
1217 3640 1380 3698 enim
1423 3650 1575 3701 terra
1615 3638 1791 3699 nobis
1832 3639 2121 3716 querebat
2164 3638 2385 3701 habere

957 3739 1197 3807 Pacem,
1239 3755 1406 3797 nunc
1443 3755 1682 3813 guerras
1723 3737 1912 3797 hostis
1952 3736 2179 3814 vbique
2216 3738 2385 3814 petit.

961 3836 1086 3910 Qui
1127 3835 1304 3911 plana
1346 3835 1542 3895 fronte
1581 3835 1815 3895 dudum
1856 3836 2213 3912 comparuit,
2252 3854 2397 3895 ecce

958 3932 1204 3995 Cornua
1244 3933 1604 4010 pretendens
1645 3932 1867 3993 obuius
1904 3934 2036 4011 ipse
2076 3933 2239 3995 venit
2256 3954 2276 4009 3

958 4031 1037 4090 Et
1079 4030 1182 4107 qui
1223 4030 1506 4091 cornutus
1549 4031 1757 4105 fuerat,
1802 4049 1965 4091 nunc
2004 4032 2202 4093 fronte
2239 4031 2473 4103 reflexa,

959 4127 1260 4189 Cornibus
1301 4128 1556 4201 amissis,
1594 4130 1690 4188 vix
1732 4129 1865 4189 loca
1904 4138 2071 4189 tutus
2112 4128 2313 4191 habet.
2942 4140 3008 4187 80

959 4225 1098 4300 Que
1140 4226 1326 4285 fuerat
1369 4234 1521 4285 terra
1563 4225 1725 4287 bene
1761 4228 2059 4288 fortunata
2098 4246 2205 4305 per
2246 4244 2447 4299 omne,

960 4323 1188 4383 Dicunt
1227 4322 1525 4383 fortunam
1568 4324 1686 4383 iam
1730 4326 1974 4402 periisse
2014 4344 2202 4387 suam.

1311 4476 1379 4540 5⁶
1409 4478 1610 4540 spargis
1629 4477 1771 4529 CED
1967 4480 2032 4543 ⁶5
2058 4480 2298 4544 Desuper
2318 4478 2505 4529 Eum·
