3434 5142
775 500 896 561 104

1479 474 1680 541 VOX
1737 474 2274 541 CLAMANTIS

937 643 1019 701 Vt
1061 658 1195 701 mea
1235 639 1468 700 sincero
1507 648 1703 699 currat
1741 638 1807 697 in
1846 654 1959 697 axe
1996 646 2167 697 rota:

936 736 1306 799 scribentem
1349 737 1515 797 iuuet
1553 736 1681 812 ipse
1722 736 1891 795 fauor
1929 732 2283 811 minuatque
2321 730 2609 806 laborem,

937 836 1097 899 Cum
1141 834 1327 913 magis
1367 834 1430 894 in
1471 832 1696 912 pauido
1738 842 1981 910 pectore
2020 840 2264 909 perstat
2304 848 2495 907 opus:

943 932 1166 995 Omnia
1204 949 1511 1008 peruersas
1551 940 1833 1009 poterunt
1872 946 2252 1005 corrumpere
2294 936 2551 1001 menteS,

936 1032 1110 1092 Stant
1151 1039 1354 1091 tamen
1396 1030 1496 1089 illa
1535 1028 1658 1089 suis
1699 1028 1933 1106 singula
1972 1036 2101 1087 tuta
2142 1026 2329 1087 locist

938 1130 1022 1188 Vt
1061 1128 1250 1205 magis
1290 1127 1420 1205 ipse
1459 1143 1698 1204 queam,
1740 1124 1953 1202 reliqui
1992 1123 2376 1202 poterintque
2414 1122 2630 1197 valere,

939 1225 1062 1285 Scit
1103 1224 1271 1296 deuS,
1315 1224 1428 1284 ism
1467 1222 1588 1283 mei
1627 1231 1768 1283 vota
1808 1220 2027 1282 laboris
2068 1230 2262 1281 erunt.

936 1322 1177 1400 Aspice,
1219 1321 1443 1399 quique
1483 1320 1644 1399 leges
1683 1338 1759 1380 ex
1800 1318 1943 1396 ipsis
1982 1318 2235 1395 concipe
2274 1316 2489 1391 verbis,

937 1420 1085 1479 Hoc
1124 1418 1309 1478 michi
1351 1436 1476 1478 non
1516 1417 1727 1478 odium
1768 1416 2026 1477 scribere
2064 1416 2278 1477 suadet
2318 1433 2489 1493 opus.

937 1516 1002 1577 Si
1041 1513 1195 1576 liber
1233 1515 1345 1576 iste
1385 1514 1508 1575 suis
1549 1514 1919 1576 mordebitur
1959 1532 2035 1575 ex
2074 1514 2347 1588 inimicis,

940 1614 1086 1674 Hoc
1125 1622 1268 1691 peto
1309 1631 1388 1673 ne
1427 1612 1658 1689 possint
1699 1612 1865 1673 hunc
1904 1613 2161 1673 lacerare
2202 1620 2447 1671 tamen:

939 1710 1130 1785 Vade,
1173 1711 1339 1785 liber,
1383 1728 1587 1772 seruos
1627 1708 1745 1772 sub
1784 1729 1862 1772 eo
1902 1710 2008 1787 qui
2048 1707 2259 1770 liberat
2299 1725 2529 1783 omnes,

941 1810 1074 1869 Nec
1115 1807 1273 1869 mala
1312 1808 1502 1885 possit
1541 1809 1652 1869 iter
1691 1826 1969 1885 rumpere
2008 1807 2213 1885 lingua
2251 1817 2465 1881 tuum3

940 1906 1020 1978 Si,
1063 1905 1228 1979 liber,
1273 1924 1377 1967 ora
1418 1925 1604 1984 queas
1643 1907 1893 1967 transire
1934 1924 2039 1984 per
2078 1905 2287 1966 inuida
2325 1902 2491 1978 liber,

941 2004 1268 2081 Imponent
1305 2003 1405 2063 alii
1445 2004 1731 2065 scandala
1770 2003 1934 2063 nulia
1972 2002 2101 2065 tibi.

937 2101 1085 2161 Non
1123 2100 1236 2159 erit
1277 2100 1340 2160 in
1381 2100 1572 2162 dubio
1612 2119 1767 2162 mea
1808 2119 1939 2162 vox
1979 2101 2263 2173 clamans,
2306 2100 2418 2161 erit
2458 2100 2656 2161 omnis

942 2197 1222 2274 Namque
1265 2197 1414 2259 fides
1455 2198 1634 2258 huius
1672 2198 1933 2258 maxima
1972 2198 2137 2259 vocis
2176 2198 2382 2258 homo.

940 2296 1002 2356 Si
1045 2294 1228 2354 michi
1269 2305 1392 2355 tam
1433 2314 1578 2373 sepe
1619 2296 1809 2373 liquet
1848 2296 2162 2357 excusacio
2201 2296 2376 2369 facta,

941 2391 1244 2469 Ignoscas,
1287 2393 1474 2454 timeo
1515 2393 1833 2471 naufragus
1872 2410 2057 2455 omne
2095 2394 2333 2455 fretum.

1021 2488 1079 2550 O
1122 2490 1376 2567 sapienS,
1419 2490 1550 2551 sine
1590 2510 1714 2569 quo
1756 2492 1940 2551 nichil
1980 2501 2073 2553 est
2114 2490 2415 2568 sapiencia
2454 2490 2689 2564 mundi,

940 2586 1131 2648 Cuius
1173 2586 1236 2646 in
1277 2586 1636 2665 obsequium
1676 2607 1777 2649 me
1816 2606 1953 2649 mea
1992 2598 2131 2649 vota
2171 2588 2383 2661 ferunt,

940 2684 1034 2744 Te
1075 2700 1286 2760 precor
1325 2685 1568 2745 instanti
1608 2685 1688 2747 da
1728 2696 2016 2765 tempore,
2062 2686 2275 2759 Criste,
2319 2684 2613 2757 miscam,

939 2782 1025 2840 Vt
1064 2791 1252 2841 metra
1293 2801 1413 2860 que
1453 2783 1608 2860 pecii
1649 2794 1926 2861 prompta
1964 2802 2171 2862 parare
2211 2800 2473 2861 queam3

938 2876 1206 2956 Turgida
1244 2878 1490 2953 deuitet,
1531 2880 1747 2941 salsum
1790 2900 1925 2943 mea
1964 2899 2165 2959 penna
2202 2889 2437 2941 recuset

939 2975 1230 3051 Scribere,
1273 2989 1362 3038 set
1403 2976 1623 3039 scribat
1662 2997 1783 3056 que
1822 2980 2010 3040 modo
2050 2998 2190 3040 vera
2230 2979 2412 3040 videt.

943 3073 1018 3133 In
1059 3073 1265 3151 primis
1305 3085 1516 3137 oeuoet
1555 3092 1635 3137 ne
1675 3076 1941 3151 fluctuet,
1984 3077 2173 3137 immo
2214 3076 2499 3138 decenter

943 3171 1130 3247 Quod
1169 3174 1362 3250 primo
1401 3174 1594 3251 ponit
1633 3175 1899 3235 carmine
1938 3184 2135 3235 seruet
2176 3193 2372 3252 opus:

945 3268 1070 3327 Hic
1111 3269 1294 3329 nichil
1335 3272 1600 3332 offendat
1639 3273 1945 3346 lectorem,
1988 3272 2065 3333 sit
2107 3272 2221 3333 nisi
2260 3289 2467 3335 verum

942 3365 1065 3426 Aut
1105 3368 1226 3427 veri
1267 3368 1477 3443 simile,
1521 3371 1688 3449 quod
1730 3389 1867 3431 mea
1906 3370 2124 3447 scripta
2164 3369 2415 3432 dabunt.

941 3463 1017 3524 In
1059 3474 1120 3525 te
1160 3466 1265 3543 qui
1307 3484 1371 3526 es
1412 3484 1586 3528 verus
1626 3486 1763 3529 mea
1802 3470 1880 3529 sit
1918 3468 2228 3529 sentencia
2268 3484 2423 3541 vera,

942 3562 1086 3621 Non
1129 3560 1212 3623 ibi
1255 3562 1606 3641 figmentum
1647 3583 1891 3627 cernere
1930 3566 2118 3643 possit
2158 3566 2387 3627 homo:

941 3659 1404 3737 Conueniatque
1443 3662 1527 3721 rei
1569 3659 1816 3723 verbum
1858 3680 2223 3740 sensumque
2264 3664 2573 3737 ministret,

943 3756 1140 3815 Dulce
1179 3757 1255 3816 sit
1295 3767 1356 3817 et
1397 3758 1721 3837 quicquam
1762 3761 2207 3822 commoditatis
2248 3759 2481 3822 habens
2502 3772 2539 3824 τ’

939 3850 1119 3912 Absit
1159 3853 1404 3930 adulari,
1449 3874 1562 3916 nec
1603 3856 1680 3917 sit
1722 3857 1904 3917 michi
1946 3858 2147 3919 sabula
2186 3857 2373 3932 blesa,

944 3948 1004 4008 N
1006 3967 1079 4010 ec
1119 3951 1302 4011 michi
1343 3953 1472 4013 laus
1512 3954 1707 4015 meriti
1750 3956 1826 4015 sit
1865 3954 1994 4017 sine
2034 3956 2212 4018 laude
2251 3966 2375 4017 tua.

944 4048 1044 4108 Da
1085 4050 1294 4127 loquar
1334 4061 1396 4111 vt
1434 4052 1656 4111 vicium
1697 4052 2000 4113 minuatur
2038 4064 2097 4115 et
2136 4053 2428 4115 ammodo
2466 4052 2651 4113 virtus

943 4145 1207 4222 Crescat,
1252 4158 1314 4208 vt
1353 4148 1416 4208 in
1459 4148 1690 4210 mundo
1733 4149 2014 4211 mundior
2054 4162 2213 4214 extet
2256 4152 2487 4213 homo:

943 4244 1040 4304 Tu
1080 4262 1316 4323 gressus
1357 4247 1614 4323 dispone
1651 4266 1841 4323 meos,
1884 4259 1951 4309 tu
1992 4260 2202 4327 pectus
2242 4250 2494 4327 adauge,

943 4343 1040 4402 Tu
1083 4360 1294 4403 sensus
1332 4345 1514 4422 aperi,
1559 4354 1623 4405 tu
1664 4346 1807 4423 plue
1847 4344 2028 4408 verba
2068 4348 2251 4408 michi
2273 4370 2293 4425 3

1011 4457 1078 4520 69
1109 4462 1440 4520 poteruntque
1459 4456 1504 4507 C
1707 4474 1778 4523 90
1812 4457 2065 4522 Quodque
2082 4459 2225 4524 priua
2250 4461 2297 4510 D
2367 4460 2519 4525 Quod
2544 4460 2690 4525 pn'us
2716 4460 2756 4509 L

2914 2208 2983 2255 80

2892 4172 2989 4209 100

3027 0 3132 79 ‚A
