3434 5142
817 404 939 481 346
1227 398 1485 464 CARM
1498 398 1618 462 EN
1679 394 1991 463 SUPER
2051 394 2606 461 MULTIPLICI

891 642 1060 695 Nota
1095 642 1554 707 consequenter
1590 653 1846 694 carmen
1882 652 2075 707 anper
2106 636 2439 706 multiplici
2472 636 2785 692 viciorum
2828 638 3043 705 pesti-

818 728 1043 789 lencia.
1069 727 1236 782 vnde
1267 729 1548 795 tempore
1579 726 1837 781 Ricardi
1872 724 2143 781 Secundi
2178 728 2395 795 parte·
2425 726 2648 779 nostre
2680 724 3039 793 speclalius

821 814 1277 871 inficiebantur.

1062 913 1122 971 N
1124 928 1212 971 οΝ
1253 921 1565 972 excusatur
1605 906 1708 989 qui
1750 929 1954 971 verum
1997 928 2121 968 non
2162 908 2429 983 fateatur,

986 1012 1068 1068 Vt
1109 1008 1194 1069 sic
1236 1020 1493 1087 ponatur
1533 1009 1770 1081 moduS,
1815 1008 1975 1068 vnde
2016 1008 2166 1068 fides
2208 1008 2533 1067 recolatur:

982 1106 1105 1184 Qui
1147 1106 1332 1185 magis
1375 1118 1616 1166 ornatur
1657 1125 1855 1179 sensu,
1899 1125 2007 1165 sua
2047 1104 2227 1165 verba
2266 1106 2561 1183 loquatur,

983 1206 1080 1265 Ne
1123 1208 1216 1265 lex
1256 1206 1571 1283 frangatur,
1616 1224 1738 1283 qua
1778 1202 2007 1266 Cristus
2048 1202 2465 1263 sanctificatur.

987 1304 1128 1363 Hoc
1168 1322 1260 1363 res
1301 1313 1564 1376 testatur,
1608 1300 1792 1361 virtus
1832 1300 1915 1361 ita
1954 1321 2117 1361 nunc
2157 1300 2420 1374 viciatur,

985 1400 1170 1477 Quod
1213 1398 1310 1459 vix
1349 1400 1613 1459 firmatur
1651 1398 1867 1477 aliquis
1908 1399 2055 1477 quin
2096 1398 2590 1477 transgrediatur:

983 1496 1152 1558 Hinc
1192 1496 1572 1557 contristatur
1612 1516 1751 1557 mea
1790 1516 1979 1570 menS,
2023 1516 2142 1575 que
2184 1516 2325 1574 sepe
2366 1505 2656 1573 grauatur‚

985 1596 1150 1655 Dum
1192 1596 1630 1673 contemplatur
1669 1594 1891 1655 vicium
1933 1596 2100 1673 quod
2142 1594 2562 1667 continuatur;

983 1696 1087 1755 Set
1126 1688 1270 1772 quia
1309 1704 1575 1773 speratur
1615 1694 1783 1771 quod
1824 1712 1962 1753 vera
2002 1694 2151 1753 fides
2193 1703 2487 1771 operatur,

982 1793 1168 1869 Quod
1209 1792 1360 1853 deus
1401 1793 1682 1864 hortatur,
1728 1790 1912 1851 michi
1952 1790 2209 1852 scribere
2248 1810 2451 1868 penna
2486 1800 2745 1871 paratur,
2962 1812 3029 1846 10

981 1892 1065 1949 Vt
1104 1889 1474 1951 describatur
1513 1908 1620 1949 cur
1659 1890 1923 1950 mundus
1964 1888 2049 1949 sic
2092 1888 2381 1949 variatur:

985 1988 1145 2048 Ecce
1187 1986 1540 2066 malignatur
1581 2006 1700 2065 que
1742 1988 1929 2048 modo
1968 2006 2150 2047 causa
2190 1986 2379 2047 datur.

893 2156 1274 2212 Putruerunt
1320 2158 1385 2211 et
1429 2158 1725 2225 corrupte
1767 2158 1919 2211 eunt
1960 2154 2297 2212 cicatrices
2339 2168 2381 2209 a
2422 2154 2589 2210 facie
2630 2154 3026 2223 insipiencie.

820 2247 923 2300 set
940 2244 1306 2313 priusquam
1321 2258 1499 2299 mora
1517 2260 1597 2300 ex
1615 2245 1834 2299 morbo
1850 2242 2036 2298 finem
2051 2247 2312 2312 repente
2331 2243 2685 2306 concludat,
2704 2242 3027 2311 sapiencie

821 2332 1193 2387 medicinam
1212 2331 1481 2387 detectis
1497 2332 1710 2399 plagia
1725 2346 1864 2386 cnm
1879 2332 2052 2387 omni
2066 2330 2406 2399 diligencia
2420 2331 2747 2400 sapienter
2759 2329 3025 2386 invecti-

822 2434 979 2486 gare
997 2419 1314 2475 debemus.
1387 2417 1568 2473 Vnde
1587 2435 1729 2487 ego,
1744 2434 1877 2475 non
1893 2419 2173 2475 medicus
2186 2423 2287 2475 set
2304 2418 2609 2474 medicine
2626 2420 3025 2487 procurator,

823 2508 928 2574 qui
976 2507 1146 2561 tanti
1194 2506 1458 2574 periculi
1505 2508 1891 2575 grauitatem
1940 2508 2331 2578 deplangens
2375 2507 2598 2562 intime
2654 2506 3023 2571 contristor,

823 2595 1090 2661 quedam
1125 2594 1394 2649 walnen-a
1427 2595 1658 2650 maiori
1695 2596 2108 2664 corrnpcione
2150 2595 2401 2666 putrida
2443 2596 2721 2651 euidenti
2760 2595 3024 2650 dictinc-

823 2683 1020 2748 cione,
1064 2684 1140 2736 vt
1179 2682 1324 2736 inde
1367 2682 1645 2738 medico·
1689 2696 1805 2751 pro
1856 2683 2065 2738 salute
2102 2683 2523 2753 interpenam,
2566 2686 3023 2751 consequenter

823 2772 1152 2826 declarare
1166 2784 1468 2841 propono.
1529 2772 1723 2827 Anno
1738 2772 1921 2840 regni
1934 2771 2129 2839 Regis
2144 2771 2403 2827 Ricardi
2418 2772 2690 2827 Secundi
2704 2772 3023 2827 vicesimo.

1113 2946 1352 3001 Contra
1385 2946 1678 3002 demonis
1713 2948 2028 3002 astuciam
2065 2948 2131 3001 in
2170 2962 2371 3002 cansa
2404 2946 2738 3001 Lollardie.

988 3074 1305 3333 ῼυου
1347 3088 1510 3154 patet
1551 3078 1630 3138 ad
1671 3076 1855 3138 limen
1896 3076 2139 3137 instanti
2182 3088 2451 3155 tempore
2491 3076 2715 3137 crimen

1213 3175 1564 3236 Describam
1607 3176 1820 3254 primo,
1862 3195 1985 3253 quo
2026 3178 2251 3253 pallent
2288 3177 2409 3235 alta
2448 3175 2561 3236 sub
2603 3195 2759 3254 ymo.

1049 3294 1084 3333 e

1085 3274 1211 3333 scio
1252 3273 1400 3352 quid
1441 3274 1648 3352 signat,
1693 3274 1864 3353 plebs
1907 3274 2093 3335 celica
2132 3273 2259 3334 iura
2299 3273 2569 3353 resignat,

990 3372 1154 3431 Dum
1194 3354 1382 3431 laicus
1424 3374 1656 3433 clausas
1697 3370 1841 3432 fidei
1881 3374 2007 3431 vult
2048 3374 2279 3433 soluere
2320 3390 2545 3444 causa3,

989 3470 1128 3545 Que
1167 3470 1317 3530 deus
1359 3468 1582 3548 incepit
1623 3480 1685 3531 et
1726 3471 1911 3529 homo
1952 3470 2246 3531 seruanda
2286 3468 2545 3547 recepit:

991 3568 1123 3627 Iam
1167 3565 1352 3647 mag-is
1394 3579 1681 3628 eneruant
1722 3566 1930 3645 populi
1972 3586 2153 3644 quam
2196 3565 2413 3645 scripta
2454 3579 2769 3637 reseruant‚

987 3666 1168 3726 Vnde
1209 3663 1396 3742 magis
1438 3666 1662 3724 clarum
1705 3664 1961 3725 scribere
2002 3666 2187 3725 tendo
2229 3684 2455 3742 parum.
2494 3738 2502 3747 .

1073 3761 1264 3822 Lollia
1304 3760 1513 3821 messis
1555 3761 1786 3821 habens
1824 3780 2074 3839 granum
2116 3762 2420 3839 perturbat
2460 3772 2521 3823 et
2561 3762 2771 3841 ipsum,
2966 3788 3032 3825 20

989 3858 1160 3919 Talia
1200 3858 1306 3938 qui
1347 3858 1566 3937 patitur
1607 3861 1819 3920 horrea
1860 3879 2001 3939 sepe
2040 3870 2282 3937 grauat:

991 3956 1234 4017 Semina
1275 3956 1521 4037 perfidie
1563 3976 1761 4019 sacros
1803 3956 2069 4035 dispersa
2110 3978 2215 4035 per
2252 3977 2424 4036 agros

895 4069 1130 4119 Canuti«
1161 4084 1339 4121 suun
1369 4084 1694 4131 nuntiaret,
1717 4074 1814 4120 διο.
1890 4070 1990 4121 The
2022 4071 2173 4123 MSS.
2212 4071 2424 4135 νῷν-νηί
2447 4078 2497 4121 to
2528 4088 2614 4122 are
2644 4072 2883 4124 SCEHL
2914 4074 3031 4122 mv:

831 4147 1044 4209 Fairjax
1062 4162 1094 4209 3
1116 4146 1209 4211 (F)
1233 4148 1345 4197 and
1360 4148 1546 4211 Bodley
1567 4164 1668 4212 294
1695 4148 1807 4214 (B).

905 4222 1024 4273 Te'tle
1061 4224 1175 4272 and
1209 4224 1410 4288 Prosae-e
1452 4226 1503 4277 ll.
1555 4242 1684 4277 1-12
1728 4244 1830 4277 om.
1880 4226 1970 4277 EI„
2128 4229 2531 4293 consequenter]
2578 4230 2661 4278 hic
2706 4229 2945 4292 precipue
2988 4229 3032 4276 F

837 4306 850 4332 ⁶
869 4303 1219 4367 Putmerunt,'
1246 4307 1344 4354 &c.
1377 4320 1480 4355 om.
1515 4304 1558 4354 E
1758 4320 1852 4367 pro
1885 4306 2054 4355 salute
2086 4304 2441 4371 interpellem]
2466 4322 2559 4369 pm
2579 4308 2749 4358 salute
2769 4308 3031 4358 efficacius

831 4381 1154 4445 interpellem
1179 4380 1219 4430 F
1413 4382 1595 4448 Anno]
1623 4384 1680 4433 ln
1703 4382 1861 4434 Anno
1886 4384 1927 4435 1··
2121 4384 2157 4437 1.
2187 4399 2249 4449 ra
2281 4386 2349 4435 ad
2370 4400 2470 4435 om.
2497 4384 2536 4436 S
