3434 5142
1153 458 1470 535 ‚LIBER
1526 458 1941 527 TERCIUS
2544 484 2655 548 151

617 616 762 691 Quo
802 615 940 677 furit
979 614 1136 678 illius
1176 616 1452 697 impetus,
1496 638 1680 680 omne
1720 618 1893 695 terit3

615 712 714 774 Sic
756 724 816 775 et
856 713 921 775 in
961 714 1202 776 incastis
1241 715 1530 795 exemplis
1569 718 2030 796 presbiterorum

616 812 888 873 Indoctis
927 812 1094 874 laicis
1133 814 1272 875 feda
1311 814 1502 876 libido
1541 826 1737 877 nocet.

615 909 720 969 Nil
761 930 1084 973 commune
1123 922 1336 989 gerunt
1375 913 1548 973 luxus
1588 913 1704 975 sibi
1745 934 1885 975 curn
1926 915 2179 990 racione,

614 1008 952 1087 Corporeos
993 1030 1202 1071 sensus
1243 1010 1512 1089 quinque
1553 1011 1743 1073 libido
1782 1023 2046 1075 cremat:

613 1108 785 1183 Quos
826 1106 960 1168 talis
1001 1110 1262 1168 maculat
1303 1118 1448 1169 nota
1487 1108 1620 1169 talis
1659 1128 1819 1188 pena
1858 1122 2156 1189 sequetur,

612 1204 860 1265 Illorum
901 1224 1058 1283 pene
1098 1206 1348 1283 sulphur
1385 1216 1446 1267 et
1486 1205 1638 1285 ignis
1677 1218 1867 1269 erunt.
2523 1220 2655 1284 1630

611 1302 1006 1363 Consuetudo
1046 1313 1250 1363 tamen
1291 1306 1442 1365 solet
1481 1315 1789 1365 attenuare
1831 1307 2142 1384 pudorem,

609 1400 838 1461 Reddit
878 1412 939 1461 et
977 1403 1272 1461 audacem
1311 1420 1494 1478 quem
1537 1420 1704 1462 mora
1744 1404 1923 1481 longa
1962 1403 2156 1466 trahit.

607 1498 752 1558 Non
793 1518 1042 1577 peccare
1082 1509 1296 1577 putant
1336 1500 1503 1576 quod
1544 1498 1745 1577 sepius
1786 1502 1993 1561 oscula
2031 1500 2295 1580 iungant,

607 1596 833 1657 Oscula
871 1616 1014 1656 narn
1053 1595 1218 1675 pacis
1259 1595 1428 1674 signa
1467 1616 1673 1675 parare
1714 1600 1909 1659 solent
1932 1621 1951 1674 ;

606 1693 837 1771 Estque
876 1714 1082 1773 parare
1121 1693 1284 1773 piam
1324 1714 1537 1773 pacem
1579 1694 1876 1756 meritoria
1917 1716 2113 1772 causa,

604 1792 664 1851 N
667 1811 740 1852 ec
777 1790 908 1852 sine
948 1812 1096 1871 pace
1135 1790 1242 1853 diu
1283 1803 1418 1853 stat·
1437 1792 1674 1871 pietatis
1713 1813 1921 1855 amor:

539 1972 544 1975 Ι
603 1888 702 1949 Sic
743 1888 806 1949 in
847 1888 1188 1967 presbiteris
1223 1909 1394 1951 amor
1433 1901 1524 1951 est
1563 1892 1644 1951 de
1681 1910 1835 1968 pace
1873 1902 2125 1967 creatus

603 1987 830 2048 Oscula
868 2008 1010 2048 nam
1052 1987 1229 2049 solito
1269 2007 1438 2048 more
1477 1989 1815 2065 frequenter
1854 2000 2055 2068 agunt.

601 2086 807 2145 Altera
845 2096 1058 2145 natura
1097 2084 1305 2146 solitus
1347 2084 1716 2164 reputabitur
1757 2106 1915 2161 vsuS,

598 2184 758 2242 Vsus
800 2193 861 2243 et
899 2202 938 2243 a
976 2184 1158 2259 longo
1201 2193 1470 2261 tempore
1511 2180 1639 2241 iura
1677 2182 1832 2263 parit
1856 2205 1875 2259 3
2368 2255 2373 2259 .
2515 2192 2646 2257 1640

600 2282 923 2359 Immoque
961 2291 1172 2341 nature
1213 2279 1264 2341 si
1304 2300 1416 2341 nos
1457 2280 1536 2342 de
1574 2280 1702 2342 iure
1742 2284 2073 2361 loquamur,
2612 2274 2625 2288 “

601 2380 745 2439 Hoc
784 2377 848 2438 in
889 2376 1226 2457 presbiteris
1269 2378 1545 2455 splendet
1585 2378 1809 2457 vbique
1850 2379 2075 2459 magis:

599 2477 679 2537 Et
719 2475 770 2536 si
811 2477 925 2537 sub
965 2477 1156 2536 forma
1196 2475 1300 2535 tali
1339 2474 1458 2537 sint
1499 2474 1626 2537 iura
1665 2478 1941 2553 creanda,

597 2572 775 2652 Legis
815 2575 983 2652 quod
1023 2573 1176 2634 vires
1215 2572 1448 2651 longior
1486 2594 1624 2635 vsus
1665 2574 1866 2649 habet,

597 2673 776 2732 Tunc
815 2683 964 2749 puto
1004 2670 1362 2751 presbiteros
1403 2692 1476 2732 ex
1516 2692 1626 2733 vsu
1667 2673 1929 2734 condere
1971 2672 2147 2752 legeS,

595 2770 821 2831 Oscula
859 2770 1008 2830 dum
1047 2767 1257 2829 crebro
1297 2770 1446 2830 dant
1483 2768 1546 2829 in
1586 2790 1792 2831 amore
1832 2790 1959 2831 suo·

677 2865 1005 2928 Ecclesie
1045 2866 1337 2945 gremium
1379 2878 1549 2928 notat
1589 2868 1741 2929 ordo
1780 2867 2259 2947 presbiterorum,

594 2966 738 3041 Quo
779 2964 1003 3026 debent
1041 2964 1272 3025 animas
1313 2964 1423 3026 rite
1463 2967 1667 3027 fouere
1709 2964 1900 3027 bonas
1924 2988 1943 3042 3

593 3064 923 3139 Quomodo
964 3074 1054 3124 set
1093 3062 1358 3142 proprias
1400 3062 1505 3140 qui
1545 3083 1670 3124 non
1711 3075 1937 3138 curant,
1980 3063 2235 3124 alienas.

593 3160 906 3223 Curabunt
921 3163 949 3221 Ρ
1009 3181 1134 3222 non
1175 3172 1265 3222 est
1305 3162 1424 3221 hoe
1463 3160 1718 3221 racionis
1760 3181 1929 3241 opus.
2508 3168 2636 3233 1650

591 3257 816 3319 Nescio
851 3256 998 3337 quid
1041 3257 1232 3318 meriti
1271 3269 1553 3337 poterunt
1593 3260 1741 3319 tales
1782 3257 1965 3319 michi
2005 3260 2171 3333 ferre,

591 3355 716 3433 Qui
756 3356 872 3417 sibi
911 3356 997 3417 nil
1037 3356 1272 3436 proprie
1314 3355 1759 3417 commoditatis
1801 3355 2065 3417 habent:

591 3454 752 3514 Nam
791 3464 1134 3533 peccatores
1173 3452 1355 3513 scitur
1395 3453 1561 3531 quod
1601 3472 1728 3513 non
1768 3454 1918 3514 deus
1958 3452 2142 3527 audit,

591 3553 700 3612 Est
739 3551 1058 3613 inhonesta
1097 3553 1215 3614 deo
1255 3552 1382 3611 laus
1423 3562 1515 3611 set
1553 3551 1634 3612 ab
1674 3571 1779 3612 ore
1818 3550 1995 3611 mali:

597 3650 898 3709 Indeuota
935 3650 1055 3711 deo
1095 3648 1200 3728 qui
1240 3648 1422 3710 verba
1460 3648 1776 3728 precancia
1815 3649 2060 3723 confert,

589 3744 806 3807 Iudicii
846 3746 1069 3826 proprii
1109 3748 1374 3827 dampna
1413 3748 1610 3807 futura
1649 3746 1815 3825 petit.

589 3843 712 3920 Qui
752 3845 1083 3923 dampnum
1125 3856 1346 3919 causat,
1389 3843 1489 3905 hie
1530 3846 1796 3924 dampna
1834 3842 2074 3904 dedisse
2114 3841 2361 3917 videtur,

587 3942 767 4003 Ledit
806 3942 912 4021 qui
949 3942 1171 4021 patitur
1209 3962 1328 4020 que
1369 3960 1650 4003 reuocare
1689 3952 1923 4020 potest:

586 4038 812 4118 Infligit
851 4050 1104 4101 mortem
1145 4038 1468 4118 languenti,
1513 4038 1618 4117 qui
1657 4040 1814 4099 valet
1856 4036 2017 4098 illam

585 4138 720 4198 Nec
759 4140 886 4197 vult
924 4139 1168 4211 auferre,
1213 4148 1304 4197 set
1344 4136 1483 4197 sinit
1523 4156 1654 4197 esse
1695 4136 1960 4195 malum:
2493 4144 2625 4196 1660

583 4236 790 4295 Presul
831 4234 936 4313 qui
975 4233 1176 4309 laicOS,
1219 4253 1360 4294 cum
1401 4253 1526 4293 non
1567 4232 1685 4293 sint
1727 4232 1935 4294 ordine
1976 4231 2158 4313 digni,

583 4331 838 4393 Ordinat
875 4333 956 4394 ad
997 4352 1178 4406 sacra,
1222 4332 1504 4392 scandala
1541 4332 1711 4410 plura
1752 4342 1972 4392 mouet.

1095 4454 1223 4515 1642
1259 4452 1380 4503 Hoc
1404 4452 1442 4503 S
1512 4452 1629 4503 Hec
1653 4452 1951 4503 CEHGDL
