3434 5142
708 471 751 531 8
1511 465 1710 530 VOX
1775 461 2319 529 CLAMANTIS

1036 645 1174 705 pare
1211 626 1325 687 sibi
1362 626 1627 704 regimen
1664 626 1728 685 in
1767 624 2183 702 spiritualibus,
2217 623 2298 682 ita
2335 640 2450 683 nec
2486 622 2664 683 decet
2690 622 2832 683 cleri
2859 622 3117 700 prelatos
3181 686 3192 695 ,

1030 735 1385 802 attemptare
1422 723 1537 785 sibi
1573 742 1812 801 guerras
1853 731 1914 783 et
1950 721 2296 781 huiusmodi
2338 721 2702 797 temporalia,
2744 737 2865 798 que
2905 720 3116 780 mundi

1032 821 1311 899 superbia
1338 831 1399 883 et
1424 820 1683 882 auaricia
1708 818 2019 881 inducunt.

709 920 907 997 Capm.
938 940 991 980 x.
1039 906 1165 980 Hic
1192 920 1387 996 querit
1414 918 1598 997 quod,
1628 935 1828 996 exquo
1856 917 2064 994 prelati
2092 914 2359 977 scribunt
2385 924 2448 977 et
2474 914 2698 976 docent
2725 933 2797 975 ea
2821 932 2942 992 que
2981 924 3117 975 sunt

1032 1016 1213 1095 pacis,
1244 1010 1554 1096 quomodo
1592 1015 1654 1074 in
1690 1014 2054 1074 conti-arium
2093 1031 2168 1075 ea
2205 1032 2326 1091 que
2363 1022 2504 1073 sunt
2542 1011 2682 1072 belli
2709 1022 3030 1090 procurant
3055 1021 3117 1071 et

1030 1124 1365 1192 operantur.
1446 1113 1566 1174 Ad'
1594 1122 1778 1191 quam
1831 1116 2034 1171 tamen
2089 1111 2470 1189 questionem
2518 1110 2648 1187 ipse
2687 1108 3119 1187 subsequenter

1032 1212 1373 1289 respondet:

707 1308 906 1387 Capm.
938 1308 1010 1368 xi.
1058 1308 1183 1369 Hic
1223 1308 1486 1385 loquitur
1526 1307 1605 1368 de
1645 1306 1886 1384 prelatis
1935 1301 2065 1380 illis,
2110 1304 2216 1384 qui
2255 1322 2481 1366 nomen
2523 1315 2796 1365 sanctum
2838 1302 2952 1364 sibi
2997 1321 3120 1381 pre·

1032 1415 1293 1478 sumunt,
1346 1404 1688 1481 apropriant
1737 1412 1940 1464 tamen
1990 1402 2106 1463 sibi
2161 1412 2410 1477 terrena,
2461 1418 2576 1462 nec
2625 1401 2757 1462 aliis
2805 1400 2948 1461 inde
2996 1418 3121 1477 par-

1034 1501 1343 1579 ticipando
1371 1520 1446 1563 ex
1472 1500 1714 1561 caritate
1743 1500 2128 1562 subueniunt.

710 1599 906 1675 Capm.
938 1599 1056 1661 xii.·
1081 1600 1205 1659 Hic
1244 1598 1507 1676 loquitur
1542 1598 1621 1659 de
1660 1598 1946 1658 Simonia'
1967 1598 2346 1675 prelatorum,
2375 1606 2437 1657 et
2472 1596 2723 1674 qualiter
2749 1596 2832 1657 hii
2861 1595 3122 1670 delicati,

1034 1696 1305 1757 dicentes
1342 1710 1408 1756 se
1442 1712 1573 1756 esse
1610 1695 1942 1768 ecclesiam,
1973 1693 2104 1755 aliis
2141 1696 2411 1773 grauiora
2447 1694 2783 1772 imponunt,
2813 1703 2874 1754 et
2901 1693 3122 1753 multo·

1034 1793 1199 1852 ciens
1220 1791 1298 1853 de
1320 1798 1570 1852 censura
1590 1789 1855 1851 horribili
1877 1792 2062 1852 laicos
2082 1810 2192 1871 pro
2219 1791 2462 1852 modico
2486 1792 2821 1869 impetuose
2841 1799 3122 1868 torquent

1033 1899 1093 1949 et
1122 1889 1416 1949 infestant.

711 1984 911 2062 Caput:
940 1986 1059 2046 xiii:
1104 1987 1230 2045 Hic
1255 1986 1520 2063 loquitur
1547 1986 1810 2064 qualiter·
1827 1986 2087 2063 prelatus
2113 2004 2238 2047 non
2267 1986 2464 2047 solum
2502 1986 2776 2046 doctrina
2811 1994 2904 2046 set
2939 1984 3120 2045 etiam

1034 2082 1213 2143 bonis
1239 2083 1729 2161 actibus‘populo
1757 2082 1870 2144 sibi
1898 2083 2225 2145 commisso
2252 2084 2450 2145 lucere
2477 2083 2743 2145 deberet.

712 2178 907 2256 Capm.
940 2180 1077 2239 xiiii.
1124 2181 1250 2240 Hic
1278 2180 1540 2259 loquitur
1568 2180 1823 2258 qualiter
1841 2180 2016 2257 signa
2043 2181 2350 2241 Anticristi
2389 2181 2451 2240 in
2485 2181 2667 2243 Curia
2689 2182 2968 2241 Romana
2994 2195 3122 2256 pre-

1035 2278 1212 2353 cipue
1237 2294 1311 2337 ex
1339 2278 1597 2338 auarlcia
1625 2279 1958 2338 secundum
1989 2279 2286 2357 quosdam
2313 2289 2730 2356 apparuerunt.

711 2374 911 2451 Capru.
940 2393 1053 2434 xv.·
1081 2374 1204 2433 Hic
1242 2373 1513 2451 loquitur·
1542 2374 1876 2435 secundum
1915 2393 2240 2436 commune
2281 2376 2528 2446 dictum,
2569 2375 2822 2453 qualiter
2862 2374 3121 2434 honores

1034 2479 1109 2531 et·
1132 2484 1277 2530 non·
1296 2482 1479 2531 onera
1515 2471 1774 2549 prelacie
1811 2471 2343 2549 plures-affectant,
2383 2490 2508 2550 quo
2547 2472 2734 2549 magis
2773 2472 2836 2531 in
2872 2470 3122 2533 ecclesia

1034 2577 1272 2627 cessant
1300 2567 1563 2642 virtutes;
1595 2578 1655 2629 et
1684 2570 1836 2630 vicia
1865 2568 2272 2647 multipliciter
2299 2580 2664 2632 accrescunt.

712 2666 913 2741 Capu.
945 2666 1057 2725 xvi.-
1104 2666 1432 2743 Postquam
1472 2666 1703 2727 dictum
1747 2678 1837 2729 est
1879 2668 1958 2729 de
2001 2668 2114 2728 illis
2156 2668 2260 2746 qui
2301 2677 2496 2729 errant
2538 2668 2600 2727 in
2649 2675 2807 2727 statu
2847 2666 3119 2745 prelacie,

1034 2762 1361 2822 dicendum
1398 2772 1489 2825 est
1524 2763 1605 2825 de
1641 2782 1840 2827 errore
1870 2775 2227 2837 curatorum,
2256 2766 2360 2844 qui
2389 2764 2504 2827 sub
2535 2766 2770 2843 prelatis
2797 2764 3122 2838 constituti,

1034 2859 1447 2935 parochiarum
1468 2862 1777 2923 curassub
1795 2864 2129 2923 animarum
2157 2880 2396 2923 suarum
2426 2864 2692 2941 periculo
2717 2862 3121 2936 admittentes,

1036 2958 1402 3035 negligenter
1438 2960 1759 3023 omittunt:
1793 2970 1866 3022 et·
1891 2962 2086 3039 primo
2126 2962 2383 3022 intendit
2418 2962 2619 3023 dicere
2657 2960 2736 3022 de
2763 2961 2980 3021 curatis
3008 2951 3125 3021 illis

1035 3054 1139 3132 qui
1188 3068 1325 3115 suas
1373 3066 1547 3117 curas
1595 3058 1960 3120 omittentes
1989 3058 2070 3120 ad
2120 3060 2504 3120 seruiendum
2553 3068 2898 3137 magnatum
2945 3058 3125 3119 curiis

1034 3152 1344 3213 adherent.

714 3247 913 3326 Capm.
942 3248 1075 3309 xvii.
1123 3251 1249 3310 Hic
1286 3251 1550 3329 loquitur
1587 3252 1666 3313 de
1702 3253 2033 3315 rectoribus
2073 3254 2224 3329 illis,·
2245 3255 2348 3333 qui
2389 3254 2470 3315 ab
2511 3254 2797 3331 episeopo
2839 3254 3126 3315 licentiati

1035 3364 1101 3407 se
1144 3346 1375 3425 fingunt
1424 3348 1508 3411 ire
1548 3350 1758 3425 scolas,
1788 3361 1852 3412 vt
1891 3349 2007 3412 sub
2049 3352 2316 3414 nomine·
2335 3352 2565 3413 virtutis
2606 3351 2758 3412 vicia
2797 3350 3128 3429 corporalia

1036 3444 1432 3522 frequentent.

714 3542 914 3617 Capm.
942 3542 1096 3601 xviii.
1146 3543 1269 3603 Hic
1296 3543 1561 3621 loquitur
1580 3544 1661 3605 de
1682 3546 2012 3607 rectoribus
2043 3546 2173 3620 illis,
2200 3547 2302 3625 qui
2327 3546 2387 3607 in
2405 3546 2564 3607 curis
2583 3546 2928 3619 residentes,
2952 3562 3126 3606 curas

1038 3648 1239 3701 tamen
1271 3640 1654 3719 negligentes,
1685 3642 2116 3704 venacionibus
2136 3644 2419 3722 precipue
2445 3653 2508 3705 et
2532 3642 2940 3721 voluptatibus
2963 3642 3128 3719 peni-

1041 3747 1136 3796 tus
1164 3738 1501 3799 intendunt.

718 3834 915 3909 Capm.
946 3834 1059 3893 xix.
1108 3835 1231 3894 Hic
1260 3834 1522 3913 loquitur
1548 3837 1629 3898 de
1666 3838 1997 3927 rectoribus
2024 3840 2086 3899 in
2125 3841 2284 3902 curis
2321 3838 2738 3913 residentibus,
2780 3838 2884 3917 qui
2921 3848 3126 3898 tamen

1038 3950 1210 3992 curas
1258 3934 1593 3995 animarum
1642 3937 2008 4011 omittentes,
2052 3939 2223 4016 quasi
2265 3938 2452 3999 seculi
2493 3948 2852 3997 mercatores
2893 3936 3128 4013 singula

1039 4029 1119 4090 de
1147 4030 1246 4090 die
1275 4031 1336 4090 in
1366 4031 1528 4093 diem
1557 4036 1909 4111 temporalia
1937 4045 2208 4097 ementes
2236 4045 2296 4098 et
2322 4036 2672 4109 vendenteS,
2706 4034 2918 4095 mundi
2947 4033 3126 4093 huius

1037 4128 1287 4189 diuicias
1315 4130 1654 4207 adquirunt.

719 4224 915 4302 Capm.
949 4244 1037 4285 xx.
1084 4226 1409 4303 Postquam
1440 4228 1671 4288 dictum
1698 4239 1789 4291 est
1817 4230 1898 4291 de
1923 4248 2118 4292 errore
2141 4231 2376 4293 illorum
2405 4231 2594 4309 quiin
2623 4229 2876 4290 ecclesia
2903 4226 3128 4289 benefi-

1040 4322 1175 4383 ciati
1219 4324 1495 4399 existunt,
1540 4326 1659 4385 iam
1693 4328 2019 4388 dicendum
2062 4338 2152 4389 est
2194 4329 2274 4391 de
2314 4328 2654 4407 presbiteris
2693 4325 3129 4407 stipendiariis3

1454 4454 1536 4490 xv,
1563 4453 1584 4487 1
1621 4439 1869 4505 qualiter]
1895 4440 2112 4492 finaliter
2129 4443 2267 4505 quod
2291 4442 2387 4493 ΕΙ)
