3434 5142
833 446 956 506 334

401 1274 637 1336 Qualiter
678 1274 744 1323 ad
794 1271 956 1321 serui·

337 1341 470 1389 cium
545 1338 732 1390 nobilis
810 1338 956 1387 ducis

333 1406 485 1467 quasi
529 1406 768 1455 vniuersa
818 1410 958 1452 terra

335 1478 598 1533 gratanter
618 1486 678 1520 se
700 1470 899 1533 optulit.

402 1674 639 1736 Qualiter
655 1688 748 1723 nex
777 1671 956 1723 Ricar-

336 1740 432 1789 dus
459 1748 694 1802 tempore
725 1754 832 1801 quo
861 1754 956 1789 no-

336 1806 452 1854 bilis
467 1807 572 1855 dux
597 1805 856 1854 Henricus
869 1820 956 1866 ap-

335 1872 533 1934 plicuit,
546 1872 600 1919 in
611 1870 842 1933 partibus
861 1869 956 1919 Hi-

335 1937 516 1986 bernie
539 1934 747 1985 invtiles
763 1935 878 1985 dies
889 1935 955 1984 ad

335 2004 416 2051 sui
427 2002 780 2052 confusionem
797 2001 956 2049 infor·-

337 2075 518 2119 tunute
539 2067 873 2130 consumpsit.

402 2452 638 2513 Qualiter
649 2454 791 2515 apud
809 2450 954 2503 Bris-

334 2517 528 2567 tolliam
571 2518 706 2581 capti
752 2526 806 2567 et
862 2519 954 2567 de-

334 2584 544 2645 capitati
588 2584 797 2633 suerunt
843 2592 952 2633 tres

335 2650 581 2712 precipue
649 2650 786 2711 regis
842 2650 950 2699 sau·

333 2724 492 2777 tores,
543 2715 632 2777 qui
673 2714 726 2763 in
768 2716 952 2764 mortis

333 2780 555 2829 articulo
622 2780 744 2830 dicti
811 2782 952 2843 regis

334 2845 664 2896 condiciones
787 2846 954 2895 multi-

335 2912 540 2973 pliciter
588 2920 912 2962 accusarunt.
967 2950 974 2959 .

397 4180 632 4244 Qualiter
693 4180 952 4231 Ricardus

331 4263 425 4296 rex
465 4249 532 4296 de
577 4247 810 4309 partibus
857 4247 952 4297 Hi-

331 4314 511 4362 bernie
555 4314 763 4363 rediens
807 4312 952 4364 wal·

331 4380 401 4428 lie
423 4379 598 4429 littora
619 4380 774 4443 cepit.

1044 4428 1138 4476 172
1169 4412 1337 4475 Scrop
1359 4412 1499 4464 SCH
1569 4414 1745 4478 Buscy
1766 4416 1813 4466 G

1563 422 1991 487 CRONICA
2032 418 2612 486 TRIPERTITA

1147 586 1286 645 Dux
1324 582 1486 663 prius
1527 602 1795 662 egressus
1836 582 2101 660 disponit
2140 584 2329 643 humo
2370 579 2485 641 sibi
2522 598 2773 658 gressuS,

1145 680 1424 743 Primitus
1463 692 1666 743 exorat
1705 700 1826 758 que
1866 682 2049 741 deum
2090 680 2435 757 genuflexus
2474 680 2685 738 adorat

1144 779 1318 841 Votis
1357 779 1586 840 sincere
1626 776 1861 851 mentiS,
1906 779 2073 856 quod
2112 776 2301 855 possit
2342 776 2565 837 habere

1143 877 1400 938 Victoris
1440 880 1685 956 palmaS,
1731 874 1997 937 extendit
2036 877 2116 937 ad
2158 876 2363 936 ethera
2400 878 2669 953 palmas3

1141 977 1344 1053 thue
1384 978 1578 1035 scelus
1616 992 1825 1053 guerre
1865 984 2119 1052 superet,
2163 972 2331 1034 dedit
2371 974 2577 1033 oscula
2616 982 2785 1045 terre,

1143 1074 1438 1150 Pluraque
1476 1073 1698 1133 deuota
1738 1072 1861 1132 dux
1900 1070 2041 1132 fecit
2080 1070 2165 1132 ibi
2203 1070 2305 1150 pia
2344 1081 2499 1131 vota.

1143 1173 1240 1232 De
1281 1190 1457 1249 prece
1497 1169 1760 1243 surrexit,
1804 1171 2223 1247 surgendoque
2264 1188 2329 1229 se
2368 1186 2547 1229 cruce
2586 1166 2746 1242 texit,

1145 1270 1223 1329 Et
1263 1279 1409 1329 tunc
1448 1288 1630 1346 quam
1672 1270 1820 1328 letas
1860 1267 2083 1345 incepit
2122 1264 2289 1329 adire
2328 1266 2555 1328 dietas:

1143 1366 1339 1427 Patria
1365 1386 1504 1426 cum
1546 1365 1721 1426 sciret
1762 1367 1928 1443 quod
1968 1368 2167 1426 saluus
2208 1367 2331 1427 dux
2370 1363 2679 1438 reuenireg

1143 1466 1336 1525 Totus
1378 1463 1434 1524 ei
1475 1464 1738 1524 mundus
1780 1463 2035 1524 occurrit
2073 1462 2296 1540 vbique
2334 1462 2649 1523 iocunduS.

1222 1563 1398 1621 Tunc
1439 1580 1539 1620 rex
1583 1559 1876 1621 Ricardus
1917 1562 2086 1638 lepus
2128 1571 2218 1621 est
2258 1570 2319 1621 et
2358 1579 2485 1620 non
2524 1559 2881 1636 leopardu33

1143 1662 1342 1735 Quem
1385 1658 1562 1718 timor
1599 1656 1882 1731 astrinxit,
1926 1657 2069 1718 alibi
2110 1676 2219 1719 sua
2258 1657 2474 1719 robora
2512 1656 2717 1717 finxit:

1142 1755 1268 1817 Hic
1308 1755 1478 1818 ducis
1518 1758 1849 1817 aduentum
1890 1754 2172 1833 presciuit
2209 1755 2291 1815 ab
2330 1774 2433 1817 ore
2474 1754 2785 1829 scientum,

1143 1857 1286 1930 Quo
1327 1857 1484 1915 celer
1523 1852 1706 1914 exiuit
1748 1864 1807 1914 et
1850 1852 2183 1914 Hibernica
2222 1872 2403 1931 regna
2442 1852 2671 1931 petiuit.

1141 1954 1298 2030 Sepe
1338 1951 1517 2012 silens
1559 1951 1803 2031 plangit,
1847 1971 2028 2029 quem
2070 1961 2215 2011 tunc
2256 1950 2535 2011 vecordia
2574 1950 2779 2028 tangit,

1145 2052 1236 2110 Ex
1276 2070 1400 2128 quo
1441 2048 1733 2127 singultus
1774 2052 1971 2128 plures
2014 2068 2114 2109 rex
2154 2048 2314 2127 cepit
2353 2051 2610 2110 adultus.

1143 2146 1244 2207 Sic
1285 2147 1437 2208 redit
1476 2148 1727 2209 absente
1770 2149 1891 2208 dux
1932 2158 2135 2208 noster
2174 2166 2310 2225 rege
2351 2146 2637 2231 timente,-

1144 2246 1204 2306 N
1207 2264 1277 2306 ec
1317 2244 1466 2324 quid
1504 2245 1808 2324 presumit,
1853 2264 1961 2306 sua
2001 2244 2237 2323 propria
2276 2246 2545 2323 dumque
2586 2242 2845 2304 resumit.

1225 2345 1367 2404 Dux
1407 2344 1630 2422 probus
1670 2342 1885 2404 audaci
1926 2344 2093 2403 vultu
2134 2362 2273 2403 cum
2314 2343 2492 2420 plebe
2532 2340 2775 2420 sequaci

1145 2442 1422 2519 Regnum
1465 2451 1773 2515 scrutatur,
1818 2440 1869 2500 si
1907 2440 2176 2519 proditor
2214 2439 2588 2514 inueniatur;

1139 2538 1237 2599 Sic
1278 2549 1396 2600 tres
1437 2556 1648 2599 exosos
1691 2538 1879 2616 magis
1921 2538 2201 2599 omnibus
2242 2536 2601 2598 ambiciosos

1140 2636 1335 2713 Regni
1377 2646 1626 2697 tortores
1666 2634 1977 2695 inuenerat
2015 2635 2145 2714 ipse
2183 2635 2445 2714 priores:

1141 2736 1302 2795 Ense
1343 2732 1670 2813 repercussi
1710 2733 1948 2810 periunt
1988 2735 2192 2812 Scrop,
2239 2735 2438 2794 Grene
2479 2753 2597 2810 que
2640 2734 2831 2810 Bussy
2855 2754 2875 2808 ς

1143 2831 1252 2891 Hii
1293 2830 1462 2910 quasi
1505 2833 1727 2909 regales
1768 2832 2001 2891 fuerant
2027 2850 2167 2891 cum
2208 2851 2346 2909 rege
2386 2832 2635 2891 sodales..

1142 2932 1329 3009 Scrop
1371 2931 1594 2992 Comes
1635 2939 1696 2990 et
1740 2928 1935 3003 Miles,
1980 2928 2107 2989 eius
2152 2929 2447 2989 Bristollia
2487 2928 2631 2989 viles

1141 3031 1332 3088 Actus
1374 3029 1648 3101 declarat,
1694 3046 1818 3105 quo
1858 3047 2019 3088 mors
2062 3046 2169 3087 sua
2208 3029 2329 3087 fata
2368 3037 2636 3105 pararat,-

1143 3128 1463 3203 Greneque
1503 3136 1660 3185 sorte
1701 3123 1827 3203 pari
1870 3124 2075 3185 statuit
2114 3126 2237 3185 dux
2278 3124 2617 3203 decapitari,

1144 3225 1335 3301 Bussy
1375 3223 1688 3283 conuictus
1732 3222 1953 3283 similes
1994 3242 2239 3301 quoque
2279 3222 2530 3283 sustinet
2570 3222 2760 3283 ictus:

1139 3320 1468 3381 Vnanimes
1509 3332 1712 3381 mente
1752 3320 1968 3398 pariter
2006 3340 2166 3381 mors
2206 3340 2324 3380 vna
2362 3330 2607 3398 repente

1144 3420 1280 3478 Hos
1320 3428 1438 3478 tres
1478 3416 1811 3495 prostrauit,
1854 3417 2086 3495 gladius
2128 3438 2279 3496 quos
2322 3418 2443 3478 fine
2482 3416 2729 3491 vorauit,

1141 3514 1306 3576 Sicut
1347 3526 1408 3576 et
1449 3526 1694 3593 egerunt
1733 3515 1880 3591 aliis,
1925 3516 2011 3578 sic
2052 3516 2136 3577 hii
2176 3516 2559 3591 ceciderunt;

1143 3615 1286 3688 Quo
1326 3614 1447 3673 dux
1486 3614 1762 3673 laudatur
1800 3633 2169 3692 regnumque
2208 3633 2315 3692 per
2354 3632 2536 3674 omne
2574 3611 2819 3672 iocatur.

1141 3712 1293 3771 Sunt
1333 3720 1537 3770 tamen
1580 3710 1831 3771 Henrici
1873 3713 2253 3789 quamplures
2294 3722 2439 3771 tunc
2479 3708 2723 3784 inimici,

1139 3809 1318 3867 Tales
1360 3807 1464 3885 qui
1505 3818 1761 3885 querunt
1802 3807 2105 3881 obsistere,
2150 3828 2263 3868 nec
2304 3818 2661 3886 potuerunt:

1141 3902 1352 3981 Sepius
1393 3905 1645 3964 effantur
1685 3915 1746 3964 et
1784 3924 1923 3965 eum
1964 3916 2102 3983 post
2143 3915 2304 3983 terga
2342 3903 2661 3977 minantur,

1141 4002 1244 4061 Set
1283 4020 1409 4060 non
1447 4000 1769 4074 audebant,
1812 3999 2026 4061 faciem
2066 4021 2206 4062 cum
2246 4001 2658 4080 respiciebant.

1222 4098 1524 4175 Tempore
1564 4096 1650 4158 sic
1691 4107 1886 4159 stante
1928 4109 2043 4158 stat
2084 4118 2184 4159 rex
2222 4098 2327 4159 vbi
2367 4100 2562 4159 stabat
2600 4098 2681 4159 ab
2718 4109 2879 4173 ante,

1145 4196 1359 4256 Donec
1399 4207 1704 4256 commota
1744 4196 1942 4257 tremit
1983 4196 2111 4257 eius
2153 4196 2366 4258 concio
2407 4207 2570 4257 tota:

1139 4292 1239 4353 Sic
1281 4293 1466 4371 magis
1507 4294 1694 4372 ignari
1735 4297 1986 4356 sceleres
2028 4297 2178 4356 fiunt
2219 4292 2389 4373 quasi
2430 4293 2560 4369 rari,

3124 603 3227 650 ¹50

3116 1568 3213 1616 160

3102 2558 3207 2611 ηε»

3103 3492 3251 3575 184)ι

2005 4418 2100 4466 188
2120 4416 2351 4469 sceleres
2372 4416 2601 4468 SHGHu
2658 4418 2864 4468 celere·
2884 4418 2927 4470 C
2952 4421 3130 4485 (corr.)
