3434 5142
827 428 950 491 312
1527 406 1727 471 vox
1786 404 2326 471 cLAMANTIS

991 568 1054 630 Si
1096 568 1384 647 quociens
1425 568 1700 628 homines
1740 576 2008 645 peccant,
2052 576 2155 626 tua
2194 565 2445 626 fulmina
2482 567 2699 640 mittas,

993 666 1226 743 Exiguo
1263 684 1508 743 presens
1547 677 1817 743 tempore
1856 665 2119 724 mundus
2159 662 2307 725 erit:

991 766 1051 824 A
1092 774 1151 824 te
1193 764 1556 841 pendentem
1597 764 1684 823 sic
1724 782 1865 823 cum
1905 760 2315 840 circumspicis
2354 760 2583 835 orbem,

992 865 1237 935 Auctor,
1281 862 1599 939 pacificum
1640 861 1735 921 sac
1776 879 1929 937 opus
1970 878 2103 921 esse
2144 870 2336 920 tuum.

997 962 1145 1035 Nos,
1189 961 1340 1022 deus
1379 961 1554 1034 alme,
1597 959 1682 1020 tui
1724 958 1897 1033 serui,
1940 960 2214 1037 quamuis
2256 958 2442 1019 modo
2480 959 2651 1033 tardi,

995 1061 1106 1135 Te,
1149 1078 1276 1121 non
1315 1060 1631 1131 fortunam,
1675 1056 1973 1118 credimus
2014 1076 2146 1118 esse
2187 1057 2409 1117 deum:
2905 1081 3045 1131 1440

996 1159 1231 1219 Scimus
1271 1168 1332 1217 te
1373 1157 1568 1217 solum
1609 1174 1788 1233 super
1827 1174 2039 1216 omnes
2080 1174 2211 1216 esse
2250 1154 2613 1230 colendum3

997 1254 1096 1317 Sic
1138 1252 1324 1317 nostri
1363 1254 1528 1315 solus
1567 1264 1634 1314 tu
1673 1254 1970 1327 miserere,
2013 1254 2204 1313 deus!

907 1460 1029 1517 Hic
1070 1462 1347 1530 loquitur
1387 1460 1659 1529 qualiter
1697 1476 1777 1517 ea
1822 1476 1941 1529 que
1989 1461 2056 1513 in
2104 1459 2226 1514 hoc
2276 1460 2555 1528 presenti
2600 1460 2813 1516 libello
2855 1464 3045 1530 quasi

837 1549 1258 1620 sompniando
1299 1550 1380 1604 de
1419 1548 1636 1603 mundi
1671 1548 1934 1618 eci-ipsit
1974 1548 2309 1613 erroribus,
2349 1564 2483 1603 non
2531 1564 2613 1604 ex
2658 1564 2731 1603 ee
2766 1552 3047 1613 tantum,

835 1641 935 1693 eet
1018 1653 1099 1692 ex
1171 1636 1372 1707 plebis
1446 1650 1606 1691 voce
1683 1634 1997 1689 communi
2079 1636 2383 1706 concepit.
2456 1634 2742 1691 Consulit
2820 1638 3045 1692 tamen

831 1725 1111 1781 finaliter·
1149 1724 1334 1794 quod,
1371 1723 1430 1778 ul
1467 1724 1610 1791 quie
1651 1723 1799 1779 inde
1844 1738 1915 1778 ee
1964 1724 2334 1792 culpabilem
2374 1724 2638 1789 senciat,
2680 1725 3047 1793 prinsquam

831 1814 1018 1869 nobis
1044 1812 1262 1881 peiora
1285 1812 1630 1867 succedant
1664 1815 1973 1881 tempora,
1996 1826 2177 1866 uuam
2212 1826 2293 1867 ex
2325 1810 2545 1865 humili
2579 1812 2763 1867 corde
2794 1814 3045 1881 culpam

833 1901 1126 1970 penitens
1159 1898 1464 1955 emendet.

617 2026 812 2102 Capm.
845 2041 972 2083 m.
1099 2022 1236 2081 Hos
1276 2038 1390 2099 ego
1429 2020 1703 2098 compegi
1744 2038 1967 2095 versus,
2006 2038 2159 2098 quos
2198 2018 2430 2080 fuderat
2470 2020 2534 2079 in
2576 2039 2675 2083 me

1003 2120 1254 2198 Spiritus
1294 2120 1358 2180 in
1399 2120 1703 2197 sompnis:
1762 2138 1883 2179 nox
1922 2129 2046 2179 erat
2087 2118 2188 2177 illa
2224 2116 2437 2195 grauia

1007 2220 1148 2279 Hec
1189 2228 1278 2278 set
1318 2228 1381 2277 vt
1423 2229 1629 2278 auctor
1670 2236 1784 2295 ego
1824 2235 1950 2277 non
1991 2215 2198 2293 scripsi
2239 2225 2429 2275 metra
2466 2214 2690 2290 libelle,

1008 2318 1148 2393 Que
1186 2325 1391 2376 tamen
1430 2314 1634 2376 audiui
1675 2316 1848 2376 trado
1888 2315 2142 2392 legenda
2181 2313 2331 2377 tibi:

1008 2413 1151 2474 Non
1193 2424 1392 2474 tumor
1431 2431 1504 2473 ex
1543 2413 1739 2490 capite
1779 2414 2019 2491 proprio
2060 2431 2159 2473 me
2198 2413 2455 2475 scribere
2496 2413 2635 2475 fecit

1010 2513 1151 2586 Ista,
1196 2520 1287 2571 set
1327 2522 1388 2571 vt
1431 2528 1610 2571 voces
1650 2509 1843 2587 plebis
1883 2508 1947 2570 in
1987 2529 2129 2571 aure
2170 2511 2413 2572 dabant.
2814 2572 2825 2581 ,

1010 2610 1212 2685 Quem
1253 2626 1362 2667 sua
1402 2626 1572 2667 mens
1614 2607 1867 2680 mordet,
1911 2606 1991 2668 de
2032 2628 2181 2670 voce
2220 2611 2295 2669 sit
2335 2609 2435 2671 ille
2474 2629 2786 2685 remorsuS,

1009 2705 1195 2768 Curet
1237 2716 1298 2765 vt
1339 2703 1402 2764 in
1437 2703 1649 2765 melius
1691 2722 1811 2781 que
1852 2704 1985 2765 tulit
2026 2724 2165 2783 egra
2204 2706 2401 2785 prius:
2920 2731 3055 2781 ¹45⁰

1015 2802 1138 2880 Qui
1179 2813 1384 2864 tamen
1423 2802 1733 2863 inmunem
1776 2822 1841 2863 se
1882 2803 2079 2878 sentit,
2122 2805 2201 2865 ab
2244 2806 2386 2867 inde
2426 2805 2661 2885 quietus

1013 2903 1319 2975 Transeat,
1365 2912 1425 2961 et
1463 2898 1688 2961 meritis
1730 2898 1817 2961 sic
1856 2910 1973 2962 stet
2012 2912 2257 2980 vterque
2296 2903 2435 2965 suiS.

1016 3001 1217 3076 Quem
1258 3017 1383 3060 non
1424 2999 1600 3077 culpa
1639 3008 1845 3076 grauat
1885 3018 2021 3061 mea
2061 3019 2187 3061 non
2226 2987 2531 3063 sentencia
2572 3002 2789 3080 culpat,

1018 3096 1312 3157 Leditur
1351 3096 1514 3155 hinc
1557 3096 1813 3170 nullus,
1858 3095 1933 3157 sit
1974 3096 2089 3158 nisi
2130 3082 2279 3159 forte
2318 3117 2489 3161 reus:

1019 3193 1124 3253 Ne
1162 3203 1407 3270 grauet
1448 3211 1610 3270 ergo
1651 3192 1800 3267 tibi,
1844 3190 2132 3270 gibbosus
2174 3214 2435 3273 namque
2474 3194 2694 3273 panelli

1017 3290 1098 3350 Et
1138 3308 1264 3350 non
1305 3308 1484 3351 sanus
1525 3308 1674 3367 equs
1715 3290 1867 3351 ferre
1906 3301 2138 3352 recusat
2180 3310 2349 3353 onuS.

1018 3388 1164 3448 Non
1203 3398 1407 3456 tamen
1449 3388 1512 3447 in
1549 3389 1751 3465 specie
1793 3407 2157 3466 quemquam
2200 3390 2279 3451 de
2318 3390 2587 3469 pondere
2627 3393 2803 3470 culpe

1017 3489 1273 3559 Aecum,
1317 3495 1409 3546 set
1449 3503 1524 3546 eo
1565 3504 1631 3546 se
1671 3486 1884 3563 probet
1924 3487 2085 3547 intus
2126 3488 2346 3549 homo:

1021 3582 1166 3644 Non
1205 3602 1318 3661 ego
1357 3582 1626 3645 mordaci
1666 3584 1935 3645 distrinxi
1978 3584 2225 3645 crimine
2266 3605 2649 3665 quemquam,

1020 3682 1080 3743 Ν
1081 3700 1152 3742 ec
1193 3700 1363 3742 meus
1403 3681 1575 3741 vllius
1617 3680 1869 3743 crimina
1906 3701 2108 3743 versus
2148 3682 2348 3745 habet.
2930 3696 3059 3758 1460

1022 3781 1163 3856 Que
1203 3797 1460 3857 sompno
1499 3778 1650 3856 cepi,
1693 3777 1941 3857 vigilans
1984 3799 2119 3842 mea
2158 3783 2374 3859 scripta
2413 3784 2631 3860 peregi,

1023 3879 1155 3940 Sint
1195 3876 1359 3939 bona
1398 3879 1561 3940 dicta
1600 3877 1793 3953 boniS,
1838 3888 1901 3939 et
1940 3880 2098 3939 mala
2138 3880 2346 3957 linquo
2386 3881 2597 3942 malis:

1024 3976 1240 4037 Omnis
1280 3975 1443 4038 enim
1484 3977 1782 4037 mundum
1822 3975 2006 4055 gemit
2046 3995 2177 4037 esse
2217 3975 2319 4038 dei
2357 3978 2679 4039 laceratum
2750 3965 2759 3973 ⁸

1022 4072 1306 4135 Vindicta
1345 4074 1534 4136 nostri
1572 4093 1682 4152 pro
1722 4074 2009 4153 grauitate
2048 4076 2205 4135 mali.

1025 4174 1186 4251 Ergo
1227 4191 1396 4232 suam
1438 4174 1676 4251 culpam
1717 4171 1975 4235 contrito
2014 4174 2213 4248 corde,
2257 4172 2601 4254 priusquam

931 4332 1054 4383 1451
1105 4318 1352 4369 inmunen
1392 4319 1432 4370 S
1653 4334 1781 4383 1454
1840 4320 1964 4372 Text
1994 4320 2177 4372 sel-:G
2272 4320 2361 4372 Sic
2398 4336 2584 4383 precor
2620 4330 2676 4371 vt
2714 4322 2883 4373 nullus
2924 4322 3067 4372 DL‘r

870 4411 997 4462 1455
1038 4395 1160 4447 Text
1179 4395 1358 4447 scEG
1425 4396 1679 4450 Detrahet
1699 4400 1823 4450 inde
1846 4398 1999 4449 michi
2025 4398 2120 4449 DL
2187 4399 2258 4450 Se
2281 4400 2439 4449 trahit
2461 4400 2591 4471 inde·
2606 4400 2758 4451 michi
2778 4400 2826 4450 Τ
