3434 5142
1140 452 1427 519 LIBER
1490 452 1854 519 PRIMUS

562 614 783 676 Deficit
823 613 925 673 hic
964 612 1170 689 virtuS‚
1206 614 1496 675 viciorum
1536 616 1713 693 eopia
1753 615 1954 693 surgit,

560 715 643 775 Et
682 731 863 792 quem
906 712 1169 773 deseruit
1208 712 1339 787 hec,
1382 714 1534 790 rapit
1576 714 1675 773 illa
1718 714 1954 775 locum:

561 811 719 872 Inde
756 811 921 873 cadit
961 809 1217 885 bonitaS,
1260 812 1451 887 pietas
1492 812 1661 887 perit,
1704 811 1902 872 omnis
1942 811 2224 873 honestas

563 910 795 983 Exulat,
836 918 1023 986 atque
1062 910 1265 987 sugam
1304 910 1564 971 consulit
1604 927 1790 971 omne
1829 908 2098 972 bonumz

564 1007 731 1067 Hinc
769 1025 941 1068 amor
980 1016 1041 1068 et
1080 1008 1337 1085 requies,
1378 1024 1493 1085 pax
1534 1018 1597 1068 et
1634 1008 1960 1069 concordia
2000 1008 2236 1081 mentiz,

564 1105 835 1182 Spesque
875 1104 1151 1182 fidesque
1190 1124 1328 1171 suas
1367 1106 1683 1167 deseruere
1725 1106 1977 1169 domos:

564 1202 913 1263 Sobrietatis
952 1221 1165 1263 amans
1206 1204 1425 1265 modus
1466 1214 1529 1264 et
1568 1204 1914 1265 moderacio
1953 1222 2151 1265 rerum

563 1302 643 1360 Et
683 1301 884 1379 pudor
921 1319 961 1363 a
1001 1301 1182 1380 longe
1220 1303 1584 1363 constituere
1624 1322 1892 1365 moram:

560 1400 891 1460 Transtulit
928 1400 1009 1461 ad
1048 1400 1257 1461 sedem
1300 1402 1607 1477 paciencia
1646 1420 1713 1463 se
1753 1401 2082 1475 meliorem,

562 1498 742 1558 Mens
782 1499 1025 1557 humilis
1064 1498 1335 1576 sequitur
1374 1499 1503 1559 eius
1543 1498 1766 1577 vbique
1805 1516 2047 1561 comes:

562 1588 823 1673 Agmine
863 1598 1147 1657 virtutum
1190 1596 1429 1657 sublato
1470 1597 1655 1675 surgit
1694 1598 1756 1657 in
1799 1598 1968 1657 illum

564 1694 743 1754 Plebs
783 1694 1043 1768 inimica,
1087 1712 1301 1755 manus
1342 1694 1543 1771 impia,
1588 1693 1764 1755 turba
1801 1695 2017 1772 grauis

642 1792 936 1869 Undique
974 1809 1304 1853 concursus
1346 1792 1556 1869 ingens
1596 1803 1952 1867 conuentus,
1991 1792 2073 1853 ad
2113 1793 2300 1853 istum·

562 1890 927 1951 Conflictum
970 1891 1177 1951 mortis
1208 1891 1471 1968 plurima
1510 1888 1685 1951 turba
1725 1892 1876 1955 ruit:

568 1986 690 2061 Qui
730 1986 909 2047 simul
948 1986 1227 2049 astabant
1265 1998 1607 2066 spectantes
1647 1990 1856 2051 vltima
1893 2006 2074 2051 cause

564 2084 847 2163 LongiuS,
893 2103 967 2145 ex
1006 2086 1121 2147 illis
1160 2104 1313 2147 vnus
1353 2097 1415 2147 et
1453 2088 1602 2149 alter
1640 2088 1741 2160 ait,

566 2187 581 2214 ‘
600 2182 725 2243 Hic
765 2199 903 2243 reus
944 2193 1035 2249 est
1074 2184 1299 2258 mortiS,
1344 2185 1653 2246 sentencia
1692 2186 1772 2245 sit
1811 2184 2096 2262 capitalis,

578 2281 668 2342 Sit
707 2299 881 2341 cruor
922 2282 986 2347 in
1027 2280 1205 2342 nobis
1246 2283 1433 2360 inque
1472 2284 1782 2361 perhenne
1819 2284 1998 2343 suus?

564 2378 886 2457 Verbaque
925 2380 1207 2441 dicuntur
1246 2380 1423 2442 dictis
1462 2382 1760 2442 contraria
1795 2378 2010 2453 verbiS,

570 2478 789 2537 Mutua
828 2495 943 2537 vox
984 2478 1231 2538 tandem
1268 2478 1500 2555 garrula
1538 2479 1829 2556 dampnat
1869 2496 2031 2539 eum.

564 2575 824 2636 Preeulis
865 2576 927 2634 in
970 2585 1241 2651 mortem,
1285 2576 1517 2637 violatis
1559 2577 1824 2637 numinis
1863 2577 1997 2649 aris,

566 2673 889 2733 Prosiliunt
929 2673 1149 2747 hostes,
1192 2685 1253 2735 et
1292 2675 1447 2735 latus
1488 2692 1671 2735 omne
1713 2686 1956 2735 tenent:

576 2772 855 2833 Clamant
894 2771 1203 2833 carnifices
1242 2773 1409 2833 nulla
1447 2774 1671 2850 pietate
1714 2772 1956 2847 miserti,

577 2872 735 2931 ‘Hic
774 2871 1059 2932 manibus
1099 2873 1315 2933 nostris
1356 2872 1791 2933 interimendus
1830 2872 1978 2933 erit.'

566 2969 875 3047 Impositis
916 2969 1195 3031 manibus
1234 2970 1461 3031 collum
1500 2988 1639 3030 cum
1683 2970 1834 3029 falce
1873 2966 2177 3043 secabant,

568 3068 751 3129 Nulla
790 3067 943 3127 fides
985 3068 1163 3130 Cristi
1206 3068 1333 3128 iura
1370 3080 1607 3129 veretur
1646 3067 1770 3143 ibi;

568 3167 711 3244 Ipse
750 3176 955 3227 tamen
996 3168 1225 3227 facinus
1266 3167 1571 3243 pacienter
1610 3166 1848 3227 sustulit
1886 3182 2087 3237 omne,

570 3264 730 3326 Cum
772 3265 927 3324 mala
960 3274 1135 3329 ,tanta
1175 3264 1340 3333 serat,
1382 3264 1512 3341 ipse
1551 3265 1792 3341 quietus
1827 3274 1970 3325 erat.

573 3361 717 3422 Non
757 3362 988 3439 ignorat
1028 3380 1133 3423 eos
1175 3362 1531 3423 malediccio
1573 3361 1780 3422 debita
1819 3360 2020 3435 Cristi,

569 3459 693 3536 Qui
736 3478 877 3521 cum
918 3460 1039 3519 sint
1079 3459 1367 3533 membra,
1410 3459 1499 3519 sic
1538 3460 1779 3520 coluere
1819 3465 2018 3536 caput.

650 3558 927 3633 Quatuor
966 3557 1029 3616 in
1069 3566 1323 3621 mortem
1365 3556 1662 3633 spirarunt
1702 3556 1905 3617 federa
1944 3556 2202 3629 Thome‚

568 3655 831 3716 Simonis
870 3664 934 3715 et
972 3665 1215 3716 centum
1255 3654 1421 3715 mille
1460 3655 1683 3717 dedere
1727 3672 1973 3715 necem:

570 3754 669 3814 De
708 3753 829 3815 vita
869 3753 1108 3814 Thome
1146 3772 1249 3813 rex
1290 3764 1493 3813 motus
1532 3754 1715 3814 corde
1755 3750 2018 3826 dolebat,

566 3850 832 3912 Simonis
872 3861 1201 3911 extremum
1244 3868 1343 3911 rex
1384 3852 1551 3911 dolet
1588 3862 1773 3929 atque
1813 3851 2013 3913 diem:

567 3950 669 4012 Ira
708 3948 821 4009 suit
858 3948 1011 4025 regis
1051 3966 1213 4009 mors
1253 3948 1509 4021 Thome‚
1554 3967 1715 4009 mors
1755 3958 1848 4009 set
1888 3946 1968 4008 ab
2007 3946 2176 4009 omni

566 4046 813 4124 Vulgari
853 4046 1006 4106 suria
1046 4046 1307 4107 Simonis
1348 4055 1485 4106 acta
1524 4046 1671 4108 fuit:

569 4144 884 4222 Disparilis
924 4160 1107 4203 causa
1148 4154 1353 4203 manet
1394 4154 1456 4203 et
1497 4162 1661 4203 mors
1700 4162 1820 4203 vna
1856 4142 2117 4218 duobuS,

568 4242 859 4304 Inmerito
898 4239 1119 4317 patitur
1158 4241 1347 4302 iustus
1388 4250 1635 4319 vterque
1672 4250 1896 4302 tamen.

569 4340 753 4401 Illeso
792 4332 954 4400 collo
990 4338 1205 4417 gladiis
1246 4339 1417 4417 periit
1457 4349 1640 4416 caput
1676 4358 1886 4414 vnum,

568 4436 755 4514 Quod
793 4437 985 4515 magis
1023 4446 1343 4515 acceptum
1386 4437 1634 4513 suscipit
1670 4455 1776 4497 ara
1815 4436 1951 4513 dei3

1439 4550 1481 4594 Ε
1508 4554 1543 4595 2

2521 476 2599 539 51

2366 1190 2371 1195 θ
2477 1128 2605 1179 1030

2477 2108 2606 2159 1040

2451 3091 2466 3117 ‚³
2477 3084 2604 3137 1050

2474 4052 2610 4104 1060
