3434 5142
1186 472 1469 537 LIBER
1532 472 1898 538 PRIMUS
2551 478 2634 555 67

592 635 879 695 Anchora
920 654 1046 696 non
1086 644 1321 712 poterat
1358 636 1477 695 vlla
1518 634 1724 694 iuuare
1765 644 1971 695 ratem.

592 734 773 793 Extra
814 752 879 794 se
920 733 1149 810 positus
1190 733 1449 793 madidis
1492 732 1734 792 Nothus
1776 732 1976 792 euolat
2015 732 2141 805 alis,

596 831 785 893 Cuius
824 832 989 892 enim
1028 840 1195 909 gutte
1236 832 1501 909 dampna
1540 832 1752 891 furoris
1791 840 2012 908 agunt:

594 930 761 1005 Quas
802 927 914 990 sibi
958 948 1083 990 non
1126 938 1356 1007 poterat
1397 940 1549 990 terre
1588 928 2022 1005 comprendere
2061 927 2262 1002 virtuS,

594 1026 864 1087 Pendula
904 1027 1155 1088 celestes
1196 1026 1345 1087 libra
1384 1026 1673 1087 mouebat
1710 1044 1899 1103 aquas
1921 1045 1941 1101 3
2499 1036 2634 1101 1630

591 1124 690 1184 Sic
729 1125 1038 1185 defrenato
1078 1126 1403 1185 voluuntur
1440 1124 1505 1183 in
1544 1142 1770 1202 equora
1810 1142 2004 1196 cursu,

594 1222 737 1297 Quo
776 1222 955 1282 maris
994 1222 1155 1283 vnda
1196 1223 1375 1282 nimis
1415 1232 1592 1283 aucta
1632 1222 1868 1299 subegit
1910 1222 2181 1281 humum.

597 1319 782 1380 Seuiit
824 1320 885 1379 in
928 1337 1149 1381 nauem
1189 1320 1382 1380 ventis
1421 1318 1800 1381 discordibus
1841 1334 2002 1393 aura,

592 1416 670 1478 Et
710 1419 891 1477 maris
931 1418 994 1478 in
1036 1436 1233 1479 remos
1273 1418 1433 1479 vnda
1472 1428 1683 1479 coacta
1723 1417 1881 1492 ruit3

592 1515 686 1575 Fit
728 1516 938 1593 fragor,
984 1526 1043 1575 et
1083 1516 1257 1576 densi
1298 1516 1629 1577 funduntur
1666 1514 1747 1576 ab
1787 1516 1994 1578 ethere
2033 1514 2243 1588 nimbi,

592 1614 779 1675 Nauis
821 1624 883 1675 et
924 1624 1015 1675 est
1054 1615 1227 1675 variis
1268 1615 1559 1691 exagitata
1598 1615 1788 1674 malis.

669 1712 909 1772 Nuncia
952 1712 1204 1772 Iunonis
1244 1714 1437 1773 varios
1479 1713 1804 1772 tumefacta
1841 1711 2074 1773 colores

591 1809 818 1883 Induit,
863 1820 923 1869 et
963 1811 1125 1870 vario
1166 1828 1335 1871 more
1374 1811 1593 1871 refudit
1632 1828 1856 1887 aquas:

591 1907 771 1967 Nulla
811 1919 904 1968 set
944 1919 1035 1968 est
1073 1918 1243 1986 gutta
1281 1910 1475 1969 dulcis
1517 1927 1699 1987 quam
1743 1908 1991 1980 fuderat,
2036 1907 2224 1966 immo

587 2005 821 2081 Turpis,
864 2022 1080 2079 amara,
1124 2007 1307 2080 rudis,
1350 2007 1500 2081 vilis,
1542 2006 1776 2079 acerba,
1819 2004 2052 2082 grauis;
2495 2011 2626 2075 1640

596 2102 697 2161 Nil
736 2103 893 2164 valet
933 2106 1014 2166 ad
1052 2115 1293 2183 gustum
1334 2106 1533 2181 liquor
1571 2104 1687 2179 hic,
1733 2103 1838 2180 qui
1878 2102 2062 2163 corda
2102 2100 2444 2163 bibentum·

592 2202 872 2275 Perforat,
916 2212 980 2262 et
1020 2213 1261 2279 quassat
1300 2203 1527 2263 viscera
1566 2212 1693 2263 tota
1731 2202 1929 2261 simul.

586 2296 644 2360 O
687 2299 841 2374 felix,
885 2300 1035 2361 tales
1077 2302 1181 2377 qui
1222 2310 1369 2361 tuuc
1408 2310 1679 2361 euaserat
1721 2298 1976 2375 ymbres,

587 2396 711 2472 Qui
750 2408 892 2457 sunt
933 2398 1097 2475 Stige
1134 2399 1323 2476 magis
1364 2407 1427 2461 et
1468 2399 1820 2475 Flegetonte
1857 2398 2101 2474 graves!

587 2494 727 2571 Ipse
768 2504 972 2555 tamen
1014 2496 1155 2555 naui
1195 2496 1465 2557 turbatus
1504 2512 1744 2573 semper
1781 2494 2008 2568 adhesi,

588 2593 791 2667 Quam
831 2594 1051 2655 furiens
1090 2594 1287 2672 pelagi
1326 2604 1609 2654 merserat
1650 2594 1737 2653 ira
1776 2592 1964 2671 quasi.

591 2691 796 2751 Huius
834 2709 993 2768 aque
1034 2693 1219 2753 fluuio
1260 2692 1429 2753 bubo
1468 2702 1634 2753 natat
1674 2692 1829 2752 inter
1866 2690 2132 2765 alaudas,

588 2788 711 2849 Nat
750 2789 926 2867 lupus
968 2790 1123 2850 inter
1160 2808 1323 2864 oues,
1368 2791 1525 2850 inter
1564 2791 1818 2850 honesta
1860 2789 2109 2865 nephas.

588 2886 793 2947 Huius
832 2905 991 2965 aque
1032 2887 1229 2948 subite
1268 2889 1459 2965 magis
1498 2888 1792 2949 insulcata
1827 2888 2028 2947 carina

583 2984 796 3044 Forcia
832 3002 955 3062 que
994 2984 1177 3047 subiit
1216 2996 1376 3047 tecta
1416 3004 1537 3064 que
1574 2996 1766 3047 castra
1806 2985 1939 3045 ruit.
2489 2992 2621 3057 1650

584 3082 697 3142 Pre
737 3082 923 3142 nimia
962 3082 1128 3144 rabie
1165 3085 1493 3144 timuerunt
1530 3084 1780 3162 grandia
1819 3093 1967 3156 cete,

587 3180 752 3239 Dum
794 3182 982 3258 magis
1019 3192 1201 3259 atque
1242 3183 1431 3259 magis
1471 3194 1647 3242 aucta
1688 3182 1754 3242 fit
1795 3182 1884 3241 ira
1921 3180 2116 3239 maris.

584 3278 747 3337 Ecce
786 3278 1014 3340 cadunt
1054 3280 1199 3357 largi
1238 3281 1515 3341 resolutis
1556 3279 1821 3340 nubibus
1859 3276 2116 3356 ymbres,

583 3375 757 3436 Aeris
794 3386 857 3437 et
896 3378 1101 3439 medio
1140 3378 1407 3439 fulminis
1446 3378 1533 3439 ira
1572 3388 1783 3453 tonat3

586 3473 785 3551 Inque
824 3475 1039 3536 fretum
1080 3476 1290 3537 credas
1330 3484 1527 3536 totum
1570 3474 1939 3535 descendere
1975 3472 2194 3546 celum,

582 3572 819 3633 Terruit
860 3582 921 3634 et
961 3584 1143 3635 terras
1187 3574 1297 3634 Iris
1337 3574 1561 3651 vbique
1602 3572 1818 3647 minis3

581 3669 779 3747 Inque
818 3672 1021 3749 plagas
1061 3672 1173 3732 celi
1214 3673 1572 3734 tumefactus
1614 3670 1849 3731 scandit
1890 3679 1951 3732 et
1991 3686 2198 3746 equor,

580 3766 664 3826 Vt
702 3767 755 3827 si
794 3768 875 3829 de
916 3770 1155 3847 proprio
1194 3771 1373 3831 vellet
1411 3768 1577 3830 abire
1616 3770 1774 3829 loce.
2209 3770 2222 3778 ’

580 3864 872 3925 Sternitur
908 3868 1212 3928 interdum
1252 3869 1601 3945 spumisque
1641 3863 1994 3927 sonantibus
2034 3863 2214 3937 albet,

580 3963 662 4021 Et
701 3962 857 4023 redit
896 3963 959 4023 in
1000 3964 1213 4025 subtus
1256 3966 1425 4043 quod
1464 3964 1577 4025 fuit
1614 3973 1758 4025 ante
1796 3980 2010 4040 supet-3
2489 3970 2620 4023 ¹660

581 4060 663 4119 Et
702 4062 890 4122 modo
928 4080 1071 4122 cum
1114 4063 1309 4124 fuluas
1347 4082 1423 4124 ex
1460 4081 1603 4141 ymo
1642 4060 1820 4123 vertit
1858 4078 2090 4133 arena-³,

490 4196 495 4200 -
579 4156 797 4217 Tincta
836 4160 1183 4235 superficies
1225 4161 1389 4221 fulua
1428 4159 1673 4237 patebat
1710 4159 1900 4236 aquis.

656 4254 799 4331 Que
839 4255 987 4317 freta
1026 4276 1133 4318 seu
1174 4259 1336 4319 venti
1376 4266 1652 4335 poterant
1692 4265 1988 4318 tormenta
2026 4274 2249 4335 parare,

580 4350 891 4414 Fluctibus
928 4363 993 4417 et
1030 4354 1311 4433 grauibus
1354 4354 1593 4416 flatibus
1633 4354 1734 4415 illa
1773 4364 2018 4432 parant:

1006 4468 1137 4518 1606
1165 4468 1333 4532 potuit
1352 4467 1398 4518 C
1599 4467 1728 4518 1⁶60
1759 4467 1960 4531 patebit
1977 4465 2020 4518 S

1464 4568 1503 4610 r
1531 4570 1565 4610 2
