3434 5142
764 439 882 500 188
1464 438 1661 503 VOX
1718 437 2258 505 CLAMANTIS

926 600 1161 660 Horrea
1200 596 1447 660 formioe
1484 601 1746 660 tendunt
1786 598 1866 659 ad
1907 599 2108 659 inania
2147 617 2498 677 numquam,

922 697 1056 757 Nec
1096 715 1279 774 vagus
1319 699 1567 757 amissas
1608 699 1788 757 frater
1825 697 2016 758 adibit
2058 715 2246 774 opes:

924 795 1318 855 Immemores
1360 795 1572 855 florum
1612 795 1960 874 gestaminis
1999 795 2326 868 anterioris,

924 892 1379 969 Contempnunt
1418 892 1653 970 spinam
1692 912 1836 952 cum
1877 894 2148 954 cecidere
2187 911 2360 968 rose;

923 991 1023 1052 Sic
1062 1000 1125 1052 et
1162 992 1435 1053 amicicie
1474 993 1680 1052 fratres
1724 993 2038 1053 benefacta
2079 992 2288 1070 prioris

924 1089 1146 1150 Diuitis
1185 1102 1527 1167 aspernunt,
1569 1110 1711 1150 cum
1754 1089 1898 1152 dare
1938 1093 2108 1168 plura
2149 1091 2374 1168 nequit.

1007 1189 1274 1249 Nomine
1314 1197 1453 1247 sunt
1495 1188 1709 1265 plures,
1755 1189 1930 1265 pauci
1971 1201 2174 1250 tamen
2217 1189 2429 1250 ordine
2469 1188 2678 1248 fratres
2704 1208 2723 1261 ;

923 1287 1007 1345 Vt
1048 1286 1258 1347 dicunt
1296 1287 1498 1362 aliqui,
1546 1287 1788 1346 Pseudo
1829 1288 2144 1364 prophetat
2183 1285 2286 1348 ibi.

924 1385 1035 1444 Est
1074 1384 1257 1444 facies
1297 1384 1501 1444 tunice
1540 1403 1782 1460 pauper,
1825 1395 1942 1445 stat
1981 1387 2250 1464 cistaque
2291 1385 2481 1459 diues»,

925 1478 1053 1541 Sub
1094 1481 1288 1541 verbis
1330 1483 1550 1541 sanctis
1592 1483 1784 1558 turpia
1824 1482 1980 1543 sacta
2020 1483 2242 1544 latent:
2869 1499 2968 1554 790

924 1579 1023 1639 Sic
1065 1580 1195 1640 sine
1236 1579 1517 1656 pauperie
1557 1599 1801 1657 pauper,
1844 1592 2086 1642 sanctus
2126 1581 2258 1642 sine
2297 1580 2513 1653 Cristo,
2979 1583 2986 1588 '

924 1679 1167 1739 Eminet
1206 1678 1306 1737 ille
1344 1677 1559 1752 bonus,
1603 1679 1707 1756 qui
1751 1679 2018 1740 bonitate
2057 1691 2234 1739 caret.

926 1775 1047 1836 Ore
1088 1776 1271 1836 deum
1313 1775 1574 1836 clamant
1615 1777 1728 1849 isti,
1773 1789 2128 1838 venerantur
2167 1788 2228 1838 et
2267 1795 2478 1837 aurum

925 1873 1144 1948 Corde,
1188 1873 1343 1932 viam
1386 1875 1557 1933 cuius
1598 1875 1866 1952 vndique
1907 1877 2058 1936 scire
2097 1877 2324 1937 volunt.

926 1970 1151 2032 Omnia
1190 1971 1305 2030 sub
1348 1970 1605 2048 pedibus
1646 1973 1874 2032 demon
1913 1973 2169 2033 subiecit
2209 1991 2433 2046 eorum,

928 2070 1094 2130 Ficta
1135 2078 1225 2130 set
1266 2071 1549 2147 ypocrisis
1590 2071 1677 2129 nil
1716 2071 1972 2132 retinere
2013 2071 2228 2132 docet:

928 2167 1026 2226 Sic
1066 2167 1375 2228 mundana
1414 2178 1581 2228 tenet
1620 2169 1725 2246 qui
1767 2170 1992 2246 spernit
2033 2170 2096 2228 in
2137 2170 2349 2230 ordine
2390 2168 2703 2241 mundum,

816 2309 822 2316 .
929 2265 1092 2324 Dum
1135 2265 1281 2342 tegit
1322 2266 1601 2326 hostilem
1643 2268 1824 2328 vestis
1863 2269 2049 2328 ouina
2088 2269 2334 2345 lupum3

929 2363 1009 2421 Et
1050 2362 1137 2422 sic
1178 2362 1409 2423 ficticiis
1450 2364 1621 2440 plebs
1662 2365 1964 2425 incantata
2005 2364 2239 2442 putabit

928 2461 1179 2520 Sanctos
1220 2462 1490 2534 exterius,
1537 2481 1689 2539 quos
1731 2462 1907 2523 dolus
1949 2463 2110 2523 intus
2151 2460 2350 2522 habet.
2869 2469 2968 2518 800

926 2559 1043 2616 Vix
1084 2568 1176 2618 est
1214 2559 1452 2620 alterius
1494 2560 1764 2621 fraudem
1806 2561 1910 2638 qui
1950 2561 2191 2638 corripit
2229 2578 2400 2634 vnus,

926 2656 1029 2717 Set
1070 2657 1257 2733 magis
1298 2667 1360 2716 vt
1400 2657 1605 2716 fallant
1644 2669 1824 2736 auget
1862 2669 2109 2736 vterque
2149 2658 2358 2719 dolos:

928 2754 1028 2814 Sic
1068 2753 1256 2831 magis
1298 2755 1501 2814 infecti
1542 2755 1758 2815 morbo
1801 2756 2097 2816 iactantur
2135 2756 2371 2829 eodem,

931 2851 1337 2928 Inficiuntque
1378 2853 1499 2911 suis
1542 2853 1850 2914 fraudibus
1891 2873 2076 2914 omne
2116 2855 2326 2914 solum.

930 2949 1304 3027 Comprimat
1344 2950 1455 3010 hos
1496 2951 1781 3010 dominus
1823 2953 2051 3025 saltem,
2097 2970 2250 3029 quos
2291 2952 2464 3012 nouit
2503 2951 2566 3010 in
2609 2951 2724 3012 isto

929 3049 1231 3124 Tempore
1272 3049 1603 3125 primeuam
1644 3051 2017 3126 preuaricare
2057 3049 2258 3110 fidem.

930 3147 1073 3206 Non
1114 3156 1257 3223 peto
1298 3147 1465 3224 quod
1504 3147 1752 3224 periant,
1797 3158 1889 3208 set
1927 3147 2096 3208 fracti
2137 3147 2602 3220 consolidentur,

931 3245 1011 3303 Et
1052 3244 1309 3304 subeant
1350 3245 1607 3322 primum
1649 3264 1834 3324 quem
1875 3245 2045 3307 dedit
2087 3245 2238 3306 ordo
2280 3257 2518 3306 statum.

838 3461 959 3519 Hic
982 3465 1261 3533 loquitur
1276 3465 1354 3521 de
1370 3465 1677 3521 fratribus
1694 3465 1843 3532 illis,
1869 3466 1975 3535 qui
1993 3469 2248 3535 propter
2268 3465 2456 3521 huius
2479 3463 2693 3519 mundi
2715 3463 2973 3527 famam,

769 3555 835 3607 et
858 3555 937 3607 vt
968 3553 1091 3623 ipsi
1122 3555 1343 3618 eciam,
1373 3555 1560 3623 quani
1590 3555 1672 3610 ab
1702 3555 1943 3609 ordinis
1973 3556 2073 3610 eui
2102 3555 2251 3624 iugo
2287 3554 2579 3624 exempti,
2613 3554 2694 3608 ad
2729 3553 2973 3608 confes·

769 3639 988 3695 aiones
1013 3641 1389 3697 audiendum
1412 3643 1736 3712 digniores
1768 3643 2137 3709 efficiantur,
2160 3657 2441 3699 summas
2473 3643 2542 3696 in
2565 3641 2778 3698 studio
2803 3643 2976 3698 scole

772 3728 1111 3784 cathedra·
1136 3729 1461 3786 affectunt.

506 3853 704 3927 Capm.
734 3847 888 3910 xviii.
1016 3851 1126 3910 Est
1165 3852 1270 3928 qui
1311 3869 1617 3927 precessor
1658 3853 1762 3911 fiat
1800 3853 1964 3913 velut
2005 3853 2132 3930 ipse
2175 3853 2458 3926 minister,

938 3947 1128 4009 Cuius
1171 3949 1231 4008 in
1274 3951 1615 4027 exemplum
1658 3951 1889 4012 Cristus
1929 3951 2144 4028 agebat
2187 3951 2388 4012 idem:
2876 3958 2978 4007 810

938 4045 1043 4105 Set
1083 4046 1185 4123 qui
1227 4047 1586 4124 discipulum
1630 4049 1810 4110 Cristi
1851 4067 1917 4109 se
1957 4049 2120 4124 dicit,
2162 4049 2241 4109 ad
2283 4048 2470 4108 altum

939 4141 1098 4203 Cum
1141 4145 1303 4204 venit
1344 4147 1474 4221 ipse
1514 4156 1750 4220 statum,
1797 4165 1922 4206 non
1964 4156 2128 4206 tenet
2171 4145 2313 4207 inde
2355 4147 2622 4206 modum.

940 4240 1235 4315 Quamuis
1275 4243 1443 4319 signa
1482 4254 1646 4304 tenet
1688 4245 1950 4305 mendici
1992 4245 2282 4322 pauperiS,
2329 4261 2472 4304 ecce

844 4367 944 4416 799
977 4353 1178 4416 putabit
1199 4352 1397 4404 CEHD
1464 4357 1676 4419 putabat
1700 4357 1837 4408 SGL
2055 4357 2152 4420 807
2189 4363 2404 4420 pereant
2427 4355 2564 4406 cm.
2783 4357 2878 4405 811
2913 4355 2979 4404 ad

780 4431 1074 4483 CEHGDL
1138 4439 1193 4483 et
1216 4433 1255 4484 S
