<?xml version="1.0" encoding="UTF-8"?>
<!DOCTYPE html PUBLIC "-//W3C//DTD XHTML 1.0 Transitional//EN"
    "http://www.w3.org/TR/xhtml1/DTD/xhtml1-transitional.dtd">
<html xmlns="http://www.w3.org/1999/xhtml" xml:lang="en" lang="en">
 <head>
  <title>
</title>
<meta http-equiv="Content-Type" content="text/html;charset=utf-8" />
  <meta name='ocr-system' content='tesseract 3.04.00' />
  <meta name='ocr-capabilities' content='ocr_page ocr_carea ocr_par ocr_line ocrx_word'/>
</head>
<body>
  <div class='ocr_page' id='page_1' title='image "./completeworksjo01macagoog_0104.png"; bbox 0 0 3434 5142; ppageno 0'>
   <div class='ocr_carea' id='block_1_1' title="bbox 706 416 2309 501">
    <p class='ocr_par' dir='ltr' id='par_1_1' title="bbox 706 416 2309 501">
     <span class='ocr_line' id='line_1_1' title="bbox 706 416 2309 501; baseline -0.003 -15"><span class='ocrx_word' id='word_1_1' title='bbox 706 438 784 501; x_wconf 87' lang='lat'>14</span> <span class='ocrx_word' id='word_1_2' title='bbox 1506 418 1705 483; x_wconf 88' lang='lat' dir='ltr'>vox</span> <span class='ocrx_word' id='word_1_3' title='bbox 1767 416 2309 485; x_wconf 74' lang='lat' dir='ltr'>CLAMAN‘rls</span> 
     </span>
    </p>
   </div>
   <div class='ocr_carea' id='block_1_2' title="bbox 698 578 3113 3306">
    <p class='ocr_par' dir='ltr' id='par_1_2' title="bbox 1027 578 3110 741">
     <span class='ocr_line' id='line_1_2' title="bbox 1030 578 3110 659; baseline -0.001 -16"><span class='ocrx_word' id='word_1_4' title='bbox 1030 589 1335 645; x_wconf 86' lang='lat' dir='ltr'>eneruant.</span> <span class='ocrx_word' id='word_1_5' title='bbox 1422 579 1525 641; x_wconf 90' lang='lat' dir='ltr'>Set</span> <span class='ocrx_word' id='word_1_6' title='bbox 1553 578 1747 656; x_wconf 87' lang='lat' dir='ltr'>primo</span> <span class='ocrx_word' id='word_1_7' title='bbox 1783 579 1946 639; x_wconf 86' lang='lat' dir='ltr'>dicet</span> <span class='ocrx_word' id='word_1_8' title='bbox 1975 578 2056 639; x_wconf 90' lang='lat' dir='ltr'>de</span> <span class='ocrx_word' id='word_1_9' title='bbox 2093 578 2208 640; x_wconf 86' lang='lat' dir='ltr'>illis</span> <span class='ocrx_word' id='word_1_10' title='bbox 2245 579 2349 656; x_wconf 88' lang='lat' dir='ltr'>qui</span> <span class='ocrx_word' id='word_1_11' title='bbox 2385 580 2576 659; x_wconf 81' lang='lat' dir='ltr'>magis</span> <span class='ocrx_word' id='word_1_12' title='bbox 2611 582 2934 658; x_wconf 74' lang='lat' dir='ltr'><strong>practicam</strong></span> <span class='ocrx_word' id='word_1_13' title='bbox 2969 598 3110 643; x_wconf 88' lang='lat' dir='ltr'>cum</span> 
     </span>
     <span class='ocr_line' id='line_1_3' title="bbox 1027 678 2308 741; baseline -0.001 -3"><span class='ocrx_word' id='word_1_14' title='bbox 1027 679 1271 739; x_wconf 83' lang='lat' dir='ltr'>fallaciis</span> <span class='ocrx_word' id='word_1_15' title='bbox 1300 678 1361 741; x_wconf 88' lang='lat' dir='ltr'>in</span> <span class='ocrx_word' id='word_1_16' title='bbox 1392 678 1533 739; x_wconf 87' lang='lat' dir='ltr'>iuris</span> <span class='ocrx_word' id='word_1_17' title='bbox 1562 678 1985 738; x_wconf 83' lang='lat' dir='ltr'>confusionem</span> <span class='ocrx_word' id='word_1_18' title='bbox 2014 687 2308 738; x_wconf 85' lang='lat' dir='ltr'><strong>exercent.</strong></span> 
     </span>
    </p>

    <p class='ocr_par' dir='ltr' id='par_1_3' title="bbox 704 776 3113 1133">
     <span class='ocr_line' id='line_1_4' title="bbox 704 776 3113 857; baseline -0.001 -18"><span class='ocrx_word' id='word_1_19' title='bbox 704 777 901 857; x_wconf 79' lang='lat' dir='ltr'>Capm.</span> <span class='ocrx_word' id='word_1_20' title='bbox 934 777 995 838; x_wconf 85' lang='lat' dir='ltr'>ii.</span> <span class='ocrx_word' id='word_1_21' title='bbox 1039 778 1163 838; x_wconf 93' lang='lat' dir='ltr'>Hic</span> <span class='ocrx_word' id='word_1_22' title='bbox 1191 778 1455 855; x_wconf 89' lang='lat' dir='ltr'>loquitur</span> <span class='ocrx_word' id='word_1_23' title='bbox 1480 776 1560 837; x_wconf 91' lang='lat' dir='ltr'>de</span> <span class='ocrx_word' id='word_1_24' title='bbox 1595 776 1914 837; x_wconf 84' lang='lat' dir='ltr'>causidicis</span> <span class='ocrx_word' id='word_1_25' title='bbox 1951 786 2012 837; x_wconf 91' lang='lat' dir='ltr'>et</span> <span class='ocrx_word' id='word_1_26' title='bbox 2046 777 2357 837; x_wconf 88' lang='lat' dir='ltr'>aduocatis</span> <span class='ocrx_word' id='word_1_27' title='bbox 2395 777 2527 851; x_wconf 88' lang='lat' dir='ltr'>illis,</span> <span class='ocrx_word' id='word_1_28' title='bbox 2567 779 2672 855; x_wconf 91' lang='lat' dir='ltr'>qui</span> <span class='ocrx_word' id='word_1_29' title='bbox 2707 778 2971 839; x_wconf 84' lang='lat' dir='ltr'>vicinum</span> <span class='ocrx_word' id='word_1_30' title='bbox 3010 796 3113 855; x_wconf 89' lang='lat' dir='ltr'>po-</span> 
     </span>
     <span class='ocr_line' id='line_1_5' title="bbox 1030 872 3112 954; baseline 0 -20"><span class='ocrx_word' id='word_1_31' title='bbox 1030 876 1237 952; x_wconf 88' lang='lat' dir='ltr'>pulum</span> <span class='ocrx_word' id='word_1_32' title='bbox 1266 874 1682 952; x_wconf 77' lang='lat' dir='ltr'>depredanteS,</span> <span class='ocrx_word' id='word_1_33' title='bbox 1712 893 1786 935; x_wconf 82' lang='lat' dir='ltr'>ex</span> <span class='ocrx_word' id='word_1_34' title='bbox 1817 872 2115 953; x_wconf 89' lang='lat' dir='ltr'><strong>bonisque</strong></span> <span class='ocrx_word' id='word_1_35' title='bbox 2146 874 2356 935; x_wconf 88' lang='lat' dir='ltr'>alienis</span> <span class='ocrx_word' id='word_1_36' title='bbox 2386 875 2576 951; x_wconf 87' lang='lat' dir='ltr'>ditati,</span> <span class='ocrx_word' id='word_1_37' title='bbox 2607 876 2962 954; x_wconf 84' lang='lat' dir='ltr'>largissimas</span> <span class='ocrx_word' id='word_1_38' title='bbox 2995 874 3112 935; x_wconf 88' lang='lat' dir='ltr'>sibi</span> 
     </span>
     <span class='ocr_line' id='line_1_6' title="bbox 1026 972 3110 1052; baseline -0 -18"><span class='ocrx_word' id='word_1_39' title='bbox 1026 974 1433 1051; x_wconf 85' lang='lat' dir='ltr'>possessiones</span> <span class='ocrx_word' id='word_1_40' title='bbox 1450 972 1811 1052; x_wconf 89' lang='lat' dir='ltr'>adquirunt:</span> <span class='ocrx_word' id='word_1_41' title='bbox 1841 973 1918 1034; x_wconf 94' lang='lat' dir='ltr'>de</span> <span class='ocrx_word' id='word_1_42' title='bbox 1935 972 2156 1051; x_wconf 88' lang='lat' dir='ltr'>quibus</span> <span class='ocrx_word' id='word_1_43' title='bbox 2183 982 2404 1048; x_wconf 87' lang='lat' dir='ltr'>tamen,</span> <span class='ocrx_word' id='word_1_44' title='bbox 2428 984 2492 1034; x_wconf 87' lang='lat' dir='ltr'>vt</span> <span class='ocrx_word' id='word_1_45' title='bbox 2521 974 2751 1048; x_wconf 87' lang='lat' dir='ltr'>dicitur,</span> <span class='ocrx_word' id='word_1_46' title='bbox 2773 975 2870 1035; x_wconf 84' lang='lat' dir='ltr'>vix</span> <span class='ocrx_word' id='word_1_47' title='bbox 2888 973 3110 1052; x_wconf 90' lang='lat' dir='ltr'>gaudet</span> 
     </span>
     <span class='ocr_line' id='line_1_7' title="bbox 1026 1072 1463 1133; baseline -0.002 0"><span class='ocrx_word' id='word_1_48' title='bbox 1026 1072 1245 1133; x_wconf 89' lang='lat' dir='ltr'>tercius</span> <span class='ocrx_word' id='word_1_49' title='bbox 1272 1072 1463 1133; x_wconf 78' lang='lat' dir='ltr'>hereS.</span> 
     </span>
    </p>

    <p class='ocr_par' dir='ltr' id='par_1_4' title="bbox 703 1168 3106 1541">
     <span class='ocr_line' id='line_1_8' title="bbox 703 1168 3106 1249; baseline 0 -18"><span class='ocrx_word' id='word_1_50' title='bbox 703 1170 901 1247; x_wconf 80' lang='lat' dir='ltr'>capm.</span> <span class='ocrx_word' id='word_1_51' title='bbox 932 1168 1011 1230; x_wconf 85' lang='lat' dir='ltr'>iii.</span> <span class='ocrx_word' id='word_1_52' title='bbox 1057 1170 1182 1229; x_wconf 87' lang='lat' dir='ltr'>Hic</span> <span class='ocrx_word' id='word_1_53' title='bbox 1208 1170 1471 1247; x_wconf 90' lang='lat' dir='ltr'>loquitur</span> <span class='ocrx_word' id='word_1_54' title='bbox 1497 1169 1577 1229; x_wconf 89' lang='lat' dir='ltr'>de</span> <span class='ocrx_word' id='word_1_55' title='bbox 1605 1169 1921 1230; x_wconf 86' lang='lat' dir='ltr'>causidicis</span> <span class='ocrx_word' id='word_1_56' title='bbox 1938 1178 1998 1230; x_wconf 93' lang='lat' dir='ltr'>et</span> <span class='ocrx_word' id='word_1_57' title='bbox 2015 1168 2348 1230; x_wconf 86' lang='lat' dir='ltr'>Aduocatis</span> <span class='ocrx_word' id='word_1_58' title='bbox 2377 1168 2506 1243; x_wconf 87' lang='lat' dir='ltr'>illis,</span> <span class='ocrx_word' id='word_1_59' title='bbox 2533 1168 2638 1246; x_wconf 91' lang='lat' dir='ltr'>qui</span> <span class='ocrx_word' id='word_1_60' title='bbox 2659 1180 2887 1249; x_wconf 86' lang='lat' dir='ltr'>quanto</span> <span class='ocrx_word' id='word_1_61' title='bbox 2907 1170 3106 1247; x_wconf 89' lang='lat' dir='ltr'>plures</span> 
     </span>
     <span class='ocr_line' id='line_1_9' title="bbox 1026 1266 3104 1344; baseline -0.001 -16"><span class='ocrx_word' id='word_1_62' title='bbox 1026 1278 1166 1329; x_wconf 89' lang='lat' dir='ltr'>sunt</span> <span class='ocrx_word' id='word_1_63' title='bbox 1194 1269 1256 1327; x_wconf 91' lang='lat' dir='ltr'>in</span> <span class='ocrx_word' id='word_1_64' title='bbox 1286 1286 1553 1342; x_wconf 89' lang='lat' dir='ltr'>numer0,</span> <span class='ocrx_word' id='word_1_65' title='bbox 1585 1277 1754 1328; x_wconf 91' lang='lat' dir='ltr'>tanto</span> <span class='ocrx_word' id='word_1_66' title='bbox 1783 1266 1970 1344; x_wconf 88' lang='lat' dir='ltr'>magis</span> <span class='ocrx_word' id='word_1_67' title='bbox 1997 1266 2161 1327; x_wconf 89' lang='lat' dir='ltr'>lucra</span> <span class='ocrx_word' id='word_1_68' title='bbox 2189 1266 2466 1327; x_wconf 85' lang='lat' dir='ltr'>sicientes</span> <span class='ocrx_word' id='word_1_69' title='bbox 2503 1266 2754 1344; x_wconf 88' lang='lat' dir='ltr'>patriam</span> <span class='ocrx_word' id='word_1_70' title='bbox 2791 1266 3104 1340; x_wconf 86' lang='lat' dir='ltr'>deuorant,</span> 
     </span>
     <span class='ocr_line' id='line_1_10' title="bbox 1026 1363 3104 1442; baseline -0.001 -16"><span class='ocrx_word' id='word_1_71' title='bbox 1026 1376 1085 1426; x_wconf 92' lang='lat' dir='ltr'>et</span> <span class='ocrx_word' id='word_1_72' title='bbox 1136 1366 1275 1425; x_wconf 89' lang='lat' dir='ltr'>iuris</span> <span class='ocrx_word' id='word_1_73' title='bbox 1322 1366 1526 1425; x_wconf 89' lang='lat' dir='ltr'>colore</span> <span class='ocrx_word' id='word_1_74' title='bbox 1572 1363 1815 1425; x_wconf 74' lang='lat' dir='ltr'>subtilia</span> <span class='ocrx_word' id='word_1_75' title='bbox 1862 1366 2210 1442; x_wconf 85' lang='lat' dir='ltr'>plectentes,</span> <span class='ocrx_word' id='word_1_76' title='bbox 2262 1364 2384 1425; x_wconf 85' lang='lat' dir='ltr'>suis</span> <span class='ocrx_word' id='word_1_77' title='bbox 2431 1366 2679 1425; x_wconf 81' lang='lat' dir='ltr'>cautelis</span> <span class='ocrx_word' id='word_1_78' title='bbox 2720 1365 3104 1427; x_wconf 87' lang='lat' dir='ltr'>innocentem</span> 
     </span>
     <span class='ocr_line' id='line_1_11' title="bbox 1024 1462 2137 1541; baseline -0.002 -18"><span class='ocrx_word' id='word_1_79' title='bbox 1024 1464 1316 1541; x_wconf 90' lang='lat' dir='ltr'>populum</span> <span class='ocrx_word' id='word_1_80' title='bbox 1344 1462 1768 1524; x_wconf 79' lang='lat' dir='ltr'>formidantem</span> <span class='ocrx_word' id='word_1_81' title='bbox 1797 1462 2137 1540; x_wconf 87' lang='lat' dir='ltr'>illaqueant.</span> 
     </span>
    </p>

    <p class='ocr_par' dir='ltr' id='par_1_5' title="bbox 702 1560 3108 2031">
     <span class='ocr_line' id='line_1_12' title="bbox 702 1560 3104 1643; baseline -0.001 -19"><span class='ocrx_word' id='word_1_82' title='bbox 702 1562 897 1643; x_wconf 71' lang='lat' dir='ltr'>Capm.</span> <span class='ocrx_word' id='word_1_83' title='bbox 932 1562 1029 1621; x_wconf 88' lang='lat' dir='ltr'>iiii.</span> <span class='ocrx_word' id='word_1_84' title='bbox 1078 1562 1203 1621; x_wconf 92' lang='lat' dir='ltr'>Hic</span> <span class='ocrx_word' id='word_1_85' title='bbox 1240 1561 1502 1639; x_wconf 89' lang='lat' dir='ltr'>loquitur</span> <span class='ocrx_word' id='word_1_86' title='bbox 1538 1562 1792 1638; x_wconf 85' lang='lat' dir='ltr'>qualiter</span> <span class='ocrx_word' id='word_1_87' title='bbox 1828 1561 1924 1621; x_wconf 85' lang='lat' dir='ltr'>isti</span> <span class='ocrx_word' id='word_1_88' title='bbox 1964 1560 2253 1620; x_wconf 84' lang='lat' dir='ltr'>causidici</span> <span class='ocrx_word' id='word_1_89' title='bbox 2293 1569 2354 1621; x_wconf 91' lang='lat' dir='ltr'>et</span> <span class='ocrx_word' id='word_1_90' title='bbox 2397 1560 2534 1620; x_wconf 89' lang='lat' dir='ltr'>iuris</span> <span class='ocrx_word' id='word_1_91' title='bbox 2567 1560 2866 1621; x_wconf 88' lang='lat' dir='ltr'>Aduocati</span> <span class='ocrx_word' id='word_1_92' title='bbox 2903 1562 2968 1620; x_wconf 90' lang='lat' dir='ltr'>in</span> <span class='ocrx_word' id='word_1_93' title='bbox 2995 1578 3104 1621; x_wconf 87' lang='lat' dir='ltr'>sua</span> 
     </span>
     <span class='ocr_line' id='line_1_13' title="bbox 1022 1658 3102 1737; baseline 0 -18"><span class='ocrx_word' id='word_1_94' title='bbox 1022 1660 1314 1737; x_wconf 88' lang='lat' dir='ltr'>gradatim</span> <span class='ocrx_word' id='word_1_95' title='bbox 1340 1660 1735 1721; x_wconf 83' lang='lat' dir='ltr'>ascendentes</span> <span class='ocrx_word' id='word_1_96' title='bbox 1763 1658 2056 1733; x_wconf 80' lang='lat' dir='ltr'>facultate,</span> <span class='ocrx_word' id='word_1_97' title='bbox 2091 1658 2437 1737; x_wconf 89' lang='lat' dir='ltr'>Iudicisque</span> <span class='ocrx_word' id='word_1_98' title='bbox 2464 1658 2792 1735; x_wconf 85' lang='lat' dir='ltr'>aspirantes</span> <span class='ocrx_word' id='word_1_99' title='bbox 2819 1660 3102 1733; x_wconf 87' lang='lat' dir='ltr'>officium,</span> 
     </span>
     <span class='ocr_line' id='line_1_14' title="bbox 1025 1756 3108 1835; baseline 0.001 -18"><span class='ocrx_word' id='word_1_100' title='bbox 1025 1758 1316 1819; x_wconf 87' lang='lat' dir='ltr'>iudicialis</span> <span class='ocrx_word' id='word_1_101' title='bbox 1344 1758 1476 1817; x_wconf 89' lang='lat' dir='ltr'>solii</span> <span class='ocrx_word' id='word_1_102' title='bbox 1505 1758 1748 1818; x_wconf 89' lang='lat' dir='ltr'>tandem</span> <span class='ocrx_word' id='word_1_103' title='bbox 1779 1775 2070 1817; x_wconf 87' lang='lat' dir='ltr'>cacumen</span> <span class='ocrx_word' id='word_1_104' title='bbox 2097 1757 2432 1835; x_wconf 79' lang='lat' dir='ltr'>attingunt3</span> <span class='ocrx_word' id='word_1_105' title='bbox 2473 1756 2575 1817; x_wconf 89' lang='lat' dir='ltr'>vbi</span> <span class='ocrx_word' id='word_1_106' title='bbox 2603 1757 2772 1833; x_wconf 91' lang='lat' dir='ltr'>quasi</span> <span class='ocrx_word' id='word_1_107' title='bbox 2795 1758 2856 1816; x_wconf 87' lang='lat' dir='ltr'>in</span> <span class='ocrx_word' id='word_1_108' title='bbox 2889 1757 3108 1819; x_wconf 85' lang='lat' dir='ltr'>Cathe-</span> 
     </span>
     <span class='ocr_line' id='line_1_15' title="bbox 1023 1854 3098 1933; baseline -0 -18"><span class='ocrx_word' id='word_1_109' title='bbox 1023 1856 1131 1916; x_wconf 87' lang='lat' dir='ltr'>dra</span> <span class='ocrx_word' id='word_1_110' title='bbox 1179 1856 1540 1933; x_wconf 90' lang='lat' dir='ltr'>pestelencie</span> <span class='ocrx_word' id='word_1_111' title='bbox 1587 1856 1885 1928; x_wconf 70' lang='lat' dir='ltr'>sedentes„</span> <span class='ocrx_word' id='word_1_112' title='bbox 1937 1856 2177 1916; x_wconf 87' lang='lat' dir='ltr'>maioris</span> <span class='ocrx_word' id='word_1_113' title='bbox 2217 1854 2474 1915; x_wconf 84' lang='lat' dir='ltr'>auaricie</span> <span class='ocrx_word' id='word_1_114' title='bbox 2520 1856 2773 1916; x_wconf 89' lang='lat' dir='ltr'>cecitate</span> <span class='ocrx_word' id='word_1_115' title='bbox 2818 1856 3098 1933; x_wconf 89' lang='lat' dir='ltr'>percussi,</span> 
     </span>
     <span class='ocr_line' id='line_1_16' title="bbox 1017 1938 2358 2031; baseline 0 -18"><span class='ocrx_word' id='word_1_116' title='bbox 1017 1954 1239 2031; x_wconf 87' lang='lat' dir='ltr'>peioris</span> <span class='ocrx_word' id='word_1_117' title='bbox 1265 1972 1446 2031; x_wconf 90' lang='lat' dir='ltr'>quam</span> <span class='ocrx_word' id='word_1_118' title='bbox 1472 1938 1653 2014; x_wconf 71' lang='lat' dir='ltr'>antea</span> <span class='ocrx_word' id='word_1_119' title='bbox 1681 1952 2055 2013; x_wconf 85' lang='lat' dir='ltr'>condicionis</span> <span class='ocrx_word' id='word_1_120' title='bbox 2083 1953 2358 2013; x_wconf 79' lang='lat' dir='ltr'>existunt.</span> 
     </span>
    </p>

    <p class='ocr_par' dir='ltr' id='par_1_6' title="bbox 700 2049 3101 2130">
     <span class='ocr_line' id='line_1_17' title="bbox 700 2049 3101 2130; baseline -0.001 -17"><span class='ocrx_word' id='word_1_121' title='bbox 700 2050 896 2129; x_wconf 66' lang='lat' dir='ltr'>Capm.</span> <span class='ocrx_word' id='word_1_122' title='bbox 927 2071 981 2112; x_wconf 86' lang='lat' dir='ltr'>v.</span> <span class='ocrx_word' id='word_1_123' title='bbox 1028 2052 1154 2111; x_wconf 91' lang='lat' dir='ltr'>Hic</span> <span class='ocrx_word' id='word_1_124' title='bbox 1180 2052 1445 2129; x_wconf 88' lang='lat' dir='ltr'>loquitur</span> <span class='ocrx_word' id='word_1_125' title='bbox 1470 2051 1641 2130; x_wconf 88' lang='lat' dir='ltr'>quasi</span> <span class='ocrx_word' id='word_1_126' title='bbox 1674 2069 1781 2129; x_wconf 90' lang='lat' dir='ltr'>per</span> <span class='ocrx_word' id='word_1_127' title='bbox 1816 2050 2128 2128; x_wconf 89' lang='lat' dir='ltr'>epistolam</span> <span class='ocrx_word' id='word_1_128' title='bbox 2159 2050 2471 2111; x_wconf 85' lang='lat' dir='ltr'>Iudicibus</span> <span class='ocrx_word' id='word_1_129' title='bbox 2500 2049 2614 2109; x_wconf 87' lang='lat' dir='ltr'>illis</span> <span class='ocrx_word' id='word_1_130' title='bbox 2653 2050 2956 2125; x_wconf 88' lang='lat' dir='ltr'>directam,</span> <span class='ocrx_word' id='word_1_131' title='bbox 2996 2052 3101 2129; x_wconf 87' lang='lat' dir='ltr'>qui</span> 
     </span>
    </p>

    <p class='ocr_par' dir='ltr' id='par_1_7' title="bbox 914 2147 3098 2324">
     <span class='ocr_line' id='line_1_18' title="bbox 914 2147 3098 2225; baseline 0 -17"><span class='ocrx_word' id='word_1_132' title='bbox 914 2172 922 2181; x_wconf 89' lang='lat'><strong>·</strong></span> <span class='ocrx_word' id='word_1_133' title='bbox 1022 2150 1085 2208; x_wconf 92' lang='lat' dir='ltr'>in</span> <span class='ocrx_word' id='word_1_134' title='bbox 1134 2149 1362 2210; x_wconf 81' lang='lat' dir='ltr'>caduca</span> <span class='ocrx_word' id='word_1_135' title='bbox 1414 2168 1657 2209; x_wconf 87' lang='lat' dir='ltr'>suarum</span> <span class='ocrx_word' id='word_1_136' title='bbox 1709 2148 2062 2210; x_wconf 90' lang='lat' dir='ltr'>diuiciarum</span> <span class='ocrx_word' id='word_1_137' title='bbox 2120 2147 2502 2209; x_wconf 90' lang='lat' dir='ltr'>multitudine</span> <span class='ocrx_word' id='word_1_138' title='bbox 2557 2157 2862 2225; x_wconf 67' lang='lat' dir='ltr'>sperantes</span> <span class='ocrx_word' id='word_1_139' title='bbox 2917 2148 3098 2209; x_wconf 92' lang='lat' dir='ltr'>deum</span> 
     </span>
     <span class='ocr_line' id='line_1_19' title="bbox 1022 2245 2546 2324; baseline 0.001 -19"><span class='ocrx_word' id='word_1_140' title='bbox 1022 2246 1353 2308; x_wconf 88' lang='lat' dir='ltr'>adiutorem</span> <span class='ocrx_word' id='word_1_141' title='bbox 1384 2265 1560 2308; x_wconf 89' lang='lat' dir='ltr'>suum</span> <span class='ocrx_word' id='word_1_142' title='bbox 1588 2264 1815 2324; x_wconf 81' lang='lat' dir='ltr'>ponere</span> <span class='ocrx_word' id='word_1_143' title='bbox 1843 2246 2180 2307; x_wconf 87' lang='lat' dir='ltr'>nullatenus</span> <span class='ocrx_word' id='word_1_144' title='bbox 2206 2245 2546 2323; x_wconf 84' lang='lat' dir='ltr'>dignantur.</span> 
     </span>
    </p>

    <p class='ocr_par' dir='ltr' id='par_1_8' title="bbox 698 2342 3102 2716">
     <span class='ocr_line' id='line_1_20' title="bbox 698 2342 3102 2423; baseline 0 -18"><span class='ocrx_word' id='word_1_145' title='bbox 698 2342 897 2423; x_wconf 73' lang='lat' dir='ltr'>Capm.</span> <span class='ocrx_word' id='word_1_146' title='bbox 928 2343 1000 2404; x_wconf 81' lang='lat' dir='ltr'>vi.</span> <span class='ocrx_word' id='word_1_147' title='bbox 1049 2345 1173 2405; x_wconf 89' lang='lat' dir='ltr'>Hic</span> <span class='ocrx_word' id='word_1_148' title='bbox 1211 2346 1475 2422; x_wconf 88' lang='lat' dir='ltr'>loquitur</span> <span class='ocrx_word' id='word_1_149' title='bbox 1514 2344 1595 2407; x_wconf 89' lang='lat' dir='ltr'>de</span> <span class='ocrx_word' id='word_1_150' title='bbox 1633 2362 1829 2405; x_wconf 91' lang='lat' dir='ltr'>errore</span> <span class='ocrx_word' id='word_1_151' title='bbox 1857 2345 2312 2417; x_wconf 80' lang='lat' dir='ltr'>vicecomitum,</span> <span class='ocrx_word' id='word_1_152' title='bbox 2347 2344 2730 2418; x_wconf 86' lang='lat' dir='ltr'>Balliuorum,</span> <span class='ocrx_word' id='word_1_153' title='bbox 2764 2362 3002 2405; x_wconf 91' lang='lat' dir='ltr'>necnon</span> <span class='ocrx_word' id='word_1_154' title='bbox 3039 2354 3102 2405; x_wconf 87' lang='lat' dir='ltr'>et</span> 
     </span>
     <span class='ocr_line' id='line_1_21' title="bbox 1024 2442 3098 2522; baseline 0.003 -21"><span class='ocrx_word' id='word_1_155' title='bbox 1024 2443 1085 2501; x_wconf 90' lang='lat' dir='ltr'>in</span> <span class='ocrx_word' id='word_1_156' title='bbox 1113 2442 1314 2503; x_wconf 90' lang='lat' dir='ltr'>assisis</span> <span class='ocrx_word' id='word_1_157' title='bbox 1351 2444 1692 2517; x_wconf 89' lang='lat' dir='ltr'>iuratorum,</span> <span class='ocrx_word' id='word_1_158' title='bbox 1733 2443 1838 2522; x_wconf 89' lang='lat' dir='ltr'>qui</span> <span class='ocrx_word' id='word_1_159' title='bbox 1874 2443 2088 2520; x_wconf 85' lang='lat' dir='ltr'>singuli</span> <span class='ocrx_word' id='word_1_160' title='bbox 2117 2462 2263 2503; x_wconf 91' lang='lat' dir='ltr'>auro</span> <span class='ocrx_word' id='word_1_161' title='bbox 2291 2442 2576 2503; x_wconf 90' lang='lat' dir='ltr'>conducti</span> <span class='ocrx_word' id='word_1_162' title='bbox 2604 2442 2861 2503; x_wconf 91' lang='lat' dir='ltr'>diuitum</span> <span class='ocrx_word' id='word_1_163' title='bbox 2888 2460 3098 2507; x_wconf 85' lang='lat' dir='ltr'>causas</span> 
     </span>
     <span class='ocr_line' id='line_1_22' title="bbox 1022 2540 3102 2619; baseline 0.001 -20"><span class='ocrx_word' id='word_1_164' title='bbox 1022 2540 1271 2601; x_wconf 88' lang='lat' dir='ltr'>iniustas</span> <span class='ocrx_word' id='word_1_165' title='bbox 1299 2552 1734 2618; x_wconf 80' lang='lat' dir='ltr'>supportanteS,</span> <span class='ocrx_word' id='word_1_166' title='bbox 1763 2558 2054 2619; x_wconf 85' lang='lat' dir='ltr'>pauperes</span> <span class='ocrx_word' id='word_1_167' title='bbox 2089 2540 2319 2618; x_wconf 88' lang='lat' dir='ltr'>absque</span> <span class='ocrx_word' id='word_1_168' title='bbox 2355 2540 2588 2601; x_wconf 88' lang='lat' dir='ltr'>iusticia</span> <span class='ocrx_word' id='word_1_169' title='bbox 2623 2540 3102 2619; x_wconf 86' lang='lat' dir='ltr'>calumpniantur</span> 
     </span>
     <span class='ocr_line' id='line_1_23' title="bbox 1022 2638 1477 2716; baseline -0.004 -17"><span class='ocrx_word' id='word_1_170' title='bbox 1022 2647 1088 2699; x_wconf 89' lang='lat' dir='ltr'>et</span> <span class='ocrx_word' id='word_1_171' title='bbox 1114 2638 1477 2716; x_wconf 87' lang='lat' dir='ltr'>opprimunt.</span> 
     </span>
    </p>

    <p class='ocr_par' dir='ltr' id='par_1_9' title="bbox 704 2735 3108 3306">
     <span class='ocr_line' id='line_1_24' title="bbox 704 2735 3104 2815; baseline 0 -18"><span class='ocrx_word' id='word_1_172' title='bbox 704 2735 900 2815; x_wconf 67' lang='lat' dir='ltr'>Capu.</span> <span class='ocrx_word' id='word_1_173' title='bbox 932 2736 1028 2799; x_wconf 87' lang='lat' dir='ltr'>vii.</span> <span class='ocrx_word' id='word_1_174' title='bbox 1074 2736 1200 2796; x_wconf 92' lang='lat' dir='ltr'>Hic</span> <span class='ocrx_word' id='word_1_175' title='bbox 1226 2736 1489 2813; x_wconf 84' lang='lat' dir='ltr'>loquitur</span> <span class='ocrx_word' id='word_1_176' title='bbox 1516 2736 1682 2814; x_wconf 89' lang='lat' dir='ltr'>quod</span> <span class='ocrx_word' id='word_1_177' title='bbox 1704 2737 1857 2797; x_wconf 90' lang='lat' dir='ltr'>sicut</span> <span class='ocrx_word' id='word_1_178' title='bbox 1878 2736 2154 2797; x_wconf 90' lang='lat' dir='ltr'>homines</span> <span class='ocrx_word' id='word_1_179' title='bbox 2182 2754 2314 2797; x_wconf 88' lang='lat' dir='ltr'>esse</span> <span class='ocrx_word' id='word_1_180' title='bbox 2335 2754 2513 2813; x_wconf 87' lang='lat' dir='ltr'>super</span> <span class='ocrx_word' id='word_1_181' title='bbox 2531 2744 2746 2797; x_wconf 89' lang='lat' dir='ltr'>terram</span> <span class='ocrx_word' id='word_1_182' title='bbox 2767 2736 3104 2797; x_wconf 89' lang='lat' dir='ltr'>necessario</span> 
     </span>
     <span class='ocr_line' id='line_1_25' title="bbox 1025 2832 3104 2913; baseline 0 -19"><span class='ocrx_word' id='word_1_183' title='bbox 1025 2832 1281 2911; x_wconf 89' lang='lat' dir='ltr'>expedit,</span> <span class='ocrx_word' id='word_1_184' title='bbox 1312 2834 1394 2894; x_wconf 87' lang='lat' dir='ltr'>ita</span> <span class='ocrx_word' id='word_1_185' title='bbox 1419 2834 1579 2912; x_wconf 88' lang='lat' dir='ltr'>leges</span> <span class='ocrx_word' id='word_1_186' title='bbox 1606 2836 1685 2895; x_wconf 91' lang='lat' dir='ltr'>ad</span> <span class='ocrx_word' id='word_1_187' title='bbox 1713 2854 1924 2895; x_wconf 90' lang='lat' dir='ltr'>eorum</span> <span class='ocrx_word' id='word_1_188' title='bbox 1951 2834 2215 2913; x_wconf 88' lang='lat' dir='ltr'>regimen</span> <span class='ocrx_word' id='word_1_189' title='bbox 2237 2834 2463 2895; x_wconf 88' lang='lat' dir='ltr'>institui</span> <span class='ocrx_word' id='word_1_190' title='bbox 2491 2845 2741 2911; x_wconf 89' lang='lat' dir='ltr'>oportet,</span> <span class='ocrx_word' id='word_1_191' title='bbox 2765 2834 3104 2896; x_wconf 89' lang='lat' dir='ltr'>dummodo</span> 
     </span>
     <span class='ocr_line' id='line_1_26' title="bbox 1022 2932 3100 3011; baseline 0 -18"><span class='ocrx_word' id='word_1_192' title='bbox 1022 2942 1224 2993; x_wconf 89' lang='lat' dir='ltr'>tamen</span> <span class='ocrx_word' id='word_1_193' title='bbox 1272 2932 1419 3011; x_wconf 84' lang='lat' dir='ltr'>legis</span> <span class='ocrx_word' id='word_1_194' title='bbox 1456 2933 1742 2995; x_wconf 64' lang='lat' dir='ltr'>custodes</span> <span class='ocrx_word' id='word_1_195' title='bbox 1788 2952 1996 2994; x_wconf 82' lang='lat' dir='ltr'>verum</span> <span class='ocrx_word' id='word_1_196' title='bbox 2041 2952 2080 2993; x_wconf 88' lang='lat' dir='ltr'>a</span> <span class='ocrx_word' id='word_1_197' title='bbox 2129 2932 2277 2993; x_wconf 81' lang='lat' dir='ltr'>falso</span> <span class='ocrx_word' id='word_1_198' title='bbox 2323 2932 2730 2993; x_wconf 89' lang='lat' dir='ltr'>discernentes</span> <span class='ocrx_word' id='word_1_199' title='bbox 2775 2934 3100 3011; x_wconf 83' lang='lat' dir='ltr'>vnicuique</span> 
     </span>
     <span class='ocr_line' id='line_1_27' title="bbox 1022 3029 3108 3109; baseline 0.001 -20"><span class='ocrx_word' id='word_1_200' title='bbox 1022 3029 1189 3107; x_wconf 89' lang='lat' dir='ltr'>quod</span> <span class='ocrx_word' id='word_1_201' title='bbox 1253 3049 1429 3090; x_wconf 90' lang='lat' dir='ltr'>suum</span> <span class='ocrx_word' id='word_1_202' title='bbox 1494 3040 1585 3091; x_wconf 84' lang='lat' dir='ltr'>est</span> <span class='ocrx_word' id='word_1_203' title='bbox 1648 3049 1810 3109; x_wconf 91' lang='lat' dir='ltr'>equo</span> <span class='ocrx_word' id='word_1_204' title='bbox 1865 3031 2133 3109; x_wconf 89' lang='lat' dir='ltr'>pondere</span> <span class='ocrx_word' id='word_1_205' title='bbox 2187 3029 2558 3092; x_wconf 89' lang='lat' dir='ltr'>distribuant.</span> <span class='ocrx_word' id='word_1_206' title='bbox 2647 3032 2745 3091; x_wconf 92' lang='lat' dir='ltr'>De</span> <span class='ocrx_word' id='word_1_207' title='bbox 2809 3029 3108 3093; x_wconf 90' lang='lat' dir='ltr'>erroribus</span> 
     </span>
     <span class='ocr_line' id='line_1_28' title="bbox 1023 3127 3106 3208; baseline 0.001 -21"><span class='ocrx_word' id='word_1_208' title='bbox 1023 3136 1225 3187; x_wconf 85' lang='lat' dir='ltr'>tamen</span> <span class='ocrx_word' id='word_1_209' title='bbox 1273 3138 1333 3188; x_wconf 92' lang='lat' dir='ltr'>et</span> <span class='ocrx_word' id='word_1_210' title='bbox 1380 3127 1608 3188; x_wconf 87' lang='lat' dir='ltr'>iniuriis</span> <span class='ocrx_word' id='word_1_211' title='bbox 1662 3128 1852 3189; x_wconf 86' lang='lat' dir='ltr'>modo</span> <span class='ocrx_word' id='word_1_212' title='bbox 1902 3128 2390 3207; x_wconf 84' lang='lat' dir='ltr'>contingentibus</span> <span class='ocrx_word' id='word_1_213' title='bbox 2445 3129 2863 3189; x_wconf 89' lang='lat' dir='ltr'>innocenciam</span> <span class='ocrx_word' id='word_1_214' title='bbox 2919 3128 3106 3208; x_wconf 88' lang='lat' dir='ltr'>Regis</span> 
     </span>
     <span class='ocr_line' id='line_1_29' title="bbox 1024 3224 2910 3306; baseline 0.002 -22"><span class='ocrx_word' id='word_1_215' title='bbox 1024 3224 1227 3301; x_wconf 88' lang='lat' dir='ltr'>nostri,</span> <span class='ocrx_word' id='word_1_216' title='bbox 1258 3225 1503 3286; x_wconf 88' lang='lat' dir='ltr'>minoris</span> <span class='ocrx_word' id='word_1_217' title='bbox 1529 3226 1701 3288; x_wconf 89' lang='lat' dir='ltr'>etatis</span> <span class='ocrx_word' id='word_1_218' title='bbox 1729 3244 1924 3303; x_wconf 69' lang='lat' dir='ltr'>musa,</span> <span class='ocrx_word' id='word_1_219' title='bbox 1956 3237 2249 3306; x_wconf 90' lang='lat' dir='ltr'>quantum</span> <span class='ocrx_word' id='word_1_220' title='bbox 2275 3226 2356 3288; x_wconf 91' lang='lat' dir='ltr'>ad</span> <span class='ocrx_word' id='word_1_221' title='bbox 2382 3244 2625 3305; x_wconf 89' lang='lat' dir='ltr'>presens</span> <span class='ocrx_word' id='word_1_222' title='bbox 2653 3235 2910 3287; x_wconf 81' lang='lat' dir='ltr'>excusat.</span> 
     </span>
    </p>
   </div>
   <div class='ocr_carea' id='block_1_3' title="bbox 704 3399 3110 4164">
    <p class='ocr_par' dir='ltr' id='par_1_10' title="bbox 704 3399 3110 4164">
     <span class='ocr_line' id='line_1_30' title="bbox 704 3399 3105 3479; baseline 0 -18"><span class='ocrx_word' id='word_1_223' title='bbox 704 3399 901 3479; x_wconf 82' lang='lat' dir='ltr'>Capm.</span> <span class='ocrx_word' id='word_1_224' title='bbox 930 3399 1047 3461; x_wconf 82' lang='lat' dir='ltr'>viii.</span> <span class='ocrx_word' id='word_1_225' title='bbox 1095 3399 1220 3461; x_wconf 89' lang='lat' dir='ltr'>Hic</span> <span class='ocrx_word' id='word_1_226' title='bbox 1256 3400 1522 3477; x_wconf 88' lang='lat' dir='ltr'>loquitur</span> <span class='ocrx_word' id='word_1_227' title='bbox 1556 3400 1741 3477; x_wconf 90' lang='lat' dir='ltr'>quod,</span> <span class='ocrx_word' id='word_1_228' title='bbox 1775 3419 1976 3479; x_wconf 83' lang='lat' dir='ltr'>exquo</span> <span class='ocrx_word' id='word_1_229' title='bbox 2009 3418 2225 3463; x_wconf 86' lang='lat' dir='ltr'>omnes</span> <span class='ocrx_word' id='word_1_230' title='bbox 2260 3400 2630 3478; x_wconf 88' lang='lat' dir='ltr'>quicumque</span> <span class='ocrx_word' id='word_1_231' title='bbox 2663 3400 2874 3461; x_wconf 90' lang='lat' dir='ltr'>mundi</span> <span class='ocrx_word' id='word_1_232' title='bbox 2915 3408 3105 3461; x_wconf 86' lang='lat' dir='ltr'>status</span> 
     </span>
     <span class='ocr_line' id='line_1_31' title="bbox 1027 3496 3106 3575; baseline -0 -17"><span class='ocrx_word' id='word_1_233' title='bbox 1027 3496 1141 3558; x_wconf 90' lang='lat' dir='ltr'>sub</span> <span class='ocrx_word' id='word_1_234' title='bbox 1178 3498 1335 3575; x_wconf 89' lang='lat' dir='ltr'>regie</span> <span class='ocrx_word' id='word_1_235' title='bbox 1373 3497 1697 3558; x_wconf 84' lang='lat' dir='ltr'>maiestatis</span> <span class='ocrx_word' id='word_1_236' title='bbox 1734 3498 1966 3559; x_wconf 88' lang='lat' dir='ltr'>iusticia</span> <span class='ocrx_word' id='word_1_237' title='bbox 2005 3498 2405 3571; x_wconf 81' lang='lat' dir='ltr'>moderantur,</span> <span class='ocrx_word' id='word_1_238' title='bbox 2447 3496 2705 3557; x_wconf 86' lang='lat' dir='ltr'>intendit</span> <span class='ocrx_word' id='word_1_239' title='bbox 2739 3496 2820 3557; x_wconf 89' lang='lat' dir='ltr'>ad</span> <span class='ocrx_word' id='word_1_240' title='bbox 2859 3514 3106 3575; x_wconf 87' lang='lat' dir='ltr'>presens</span> 
     </span>
     <span class='ocr_line' id='line_1_32' title="bbox 1024 3594 3106 3675; baseline 0 -20"><span class='ocrx_word' id='word_1_241' title='bbox 1024 3594 1521 3656; x_wconf 87' lang='lat' dir='ltr'>excellentissimo</span> <span class='ocrx_word' id='word_1_242' title='bbox 1562 3596 1681 3655; x_wconf 89' lang='lat' dir='ltr'>iam</span> <span class='ocrx_word' id='word_1_243' title='bbox 1725 3596 1880 3675; x_wconf 86' lang='lat' dir='ltr'>Regi</span> <span class='ocrx_word' id='word_1_244' title='bbox 1922 3606 2127 3657; x_wconf 87' lang='lat' dir='ltr'>nostro</span> <span class='ocrx_word' id='word_1_245' title='bbox 2167 3594 2472 3673; x_wconf 89' lang='lat' dir='ltr'>quandam</span> <span class='ocrx_word' id='word_1_246' title='bbox 2515 3595 2830 3673; x_wconf 88' lang='lat' dir='ltr'>epistolam</span> <span class='ocrx_word' id='word_1_247' title='bbox 2871 3595 2934 3656; x_wconf 91' lang='lat' dir='ltr'>in</span> <span class='ocrx_word' id='word_1_248' title='bbox 2974 3595 3106 3657; x_wconf 89' lang='lat' dir='ltr'>eius</span> 
     </span>
     <span class='ocr_line' id='line_1_33' title="bbox 1023 3692 3100 3771; baseline 0.001 -20"><span class='ocrx_word' id='word_1_249' title='bbox 1023 3694 1253 3754; x_wconf 90' lang='lat' dir='ltr'>honore</span> <span class='ocrx_word' id='word_1_250' title='bbox 1294 3693 1517 3754; x_wconf 88' lang='lat' dir='ltr'>editam</span> <span class='ocrx_word' id='word_1_251' title='bbox 1554 3694 1814 3755; x_wconf 88' lang='lat' dir='ltr'>scribere</span> <span class='ocrx_word' id='word_1_252' title='bbox 1847 3704 2304 3771; x_wconf 87' lang='lat' dir='ltr'>consequenter,</span> <span class='ocrx_word' id='word_1_253' title='bbox 2333 3710 2408 3754; x_wconf 81' lang='lat' dir='ltr'>ex</span> <span class='ocrx_word' id='word_1_254' title='bbox 2445 3712 2565 3770; x_wconf 89' lang='lat' dir='ltr'>qua</span> <span class='ocrx_word' id='word_1_255' title='bbox 2606 3692 2706 3753; x_wconf 89' lang='lat' dir='ltr'>ille</span> <span class='ocrx_word' id='word_1_256' title='bbox 2741 3711 2844 3753; x_wconf 86' lang='lat' dir='ltr'>rex</span> <span class='ocrx_word' id='word_1_257' title='bbox 2881 3702 3100 3768; x_wconf 89' lang='lat' dir='ltr'>noster,</span> 
     </span>
     <span class='ocr_line' id='line_1_34' title="bbox 1027 3788 3105 3869; baseline 0.001 -19"><span class='ocrx_word' id='word_1_258' title='bbox 1027 3790 1132 3867; x_wconf 88' lang='lat' dir='ltr'>qui</span> <span class='ocrx_word' id='word_1_259' title='bbox 1181 3790 1367 3851; x_wconf 88' lang='lat' dir='ltr'>modo</span> <span class='ocrx_word' id='word_1_260' title='bbox 1415 3791 1477 3851; x_wconf 91' lang='lat' dir='ltr'>in</span> <span class='ocrx_word' id='word_1_261' title='bbox 1526 3808 1635 3851; x_wconf 88' lang='lat' dir='ltr'>sua</span> <span class='ocrx_word' id='word_1_262' title='bbox 1687 3791 1899 3869; x_wconf 89' lang='lat' dir='ltr'>puerili</span> <span class='ocrx_word' id='word_1_263' title='bbox 1953 3792 2334 3852; x_wconf 89' lang='lat' dir='ltr'>constituitur</span> <span class='ocrx_word' id='word_1_264' title='bbox 2380 3801 2555 3865; x_wconf 90' lang='lat' dir='ltr'>etate,</span> <span class='ocrx_word' id='word_1_265' title='bbox 2613 3808 2754 3849; x_wconf 90' lang='lat' dir='ltr'>cum</span> <span class='ocrx_word' id='word_1_266' title='bbox 2803 3788 3105 3852; x_wconf 69' lang='lat' dir='ltr'>vberioroe</span> 
     </span>
     <span class='ocr_line' id='line_1_35' title="bbox 1024 3888 3108 3967; baseline 0 -20"><span class='ocrx_word' id='word_1_267' title='bbox 1024 3897 1233 3964; x_wconf 89' lang='lat' dir='ltr'>postea</span> <span class='ocrx_word' id='word_1_268' title='bbox 1297 3888 1615 3966; x_wconf 89' lang='lat' dir='ltr'>sumpserit</span> <span class='ocrx_word' id='word_1_269' title='bbox 1678 3906 1889 3962; x_wconf 84' lang='lat' dir='ltr'>annOS,</span> <span class='ocrx_word' id='word_1_270' title='bbox 1947 3890 2142 3967; x_wconf 85' lang='lat' dir='ltr'>gracia</span> <span class='ocrx_word' id='word_1_271' title='bbox 2197 3888 2505 3950; x_wconf 89' lang='lat' dir='ltr'>mediante</span> <span class='ocrx_word' id='word_1_272' title='bbox 2566 3888 2790 3963; x_wconf 89' lang='lat' dir='ltr'>diuina,</span> <span class='ocrx_word' id='word_1_273' title='bbox 2857 3888 2920 3947; x_wconf 91' lang='lat' dir='ltr'>in</span> <span class='ocrx_word' id='word_1_274' title='bbox 2981 3890 3108 3950; x_wconf 90' lang='lat' dir='ltr'>suis</span> 
     </span>
     <span class='ocr_line' id='line_1_36' title="bbox 1024 3984 3110 4064; baseline 0.003 -21"><span class='ocrx_word' id='word_1_275' title='bbox 1024 3984 1319 4062; x_wconf 88' lang='lat' dir='ltr'>regalibus</span> <span class='ocrx_word' id='word_1_276' title='bbox 1366 3986 1711 4047; x_wconf 82' lang='lat' dir='ltr'>exercendis</span> <span class='ocrx_word' id='word_1_277' title='bbox 1760 3988 2111 4049; x_wconf 89' lang='lat' dir='ltr'>euidencius</span> <span class='ocrx_word' id='word_1_278' title='bbox 2160 3988 2498 4049; x_wconf 88' lang='lat' dir='ltr'>instruatur.</span> <span class='ocrx_word' id='word_1_279' title='bbox 2581 3988 2662 4047; x_wconf 91' lang='lat' dir='ltr'>Et</span> <span class='ocrx_word' id='word_1_280' title='bbox 2717 3988 2911 4064; x_wconf 89' lang='lat' dir='ltr'>primo</span> <span class='ocrx_word' id='word_1_281' title='bbox 2959 3987 3110 4049; x_wconf 86' lang='lat' dir='ltr'>dicit</span> 
     </span>
     <span class='ocr_line' id='line_1_37' title="bbox 1025 4082 3107 4164; baseline 0.003 -22"><span class='ocrx_word' id='word_1_282' title='bbox 1025 4082 1209 4159; x_wconf 87' lang='lat' dir='ltr'>quod,</span> <span class='ocrx_word' id='word_1_283' title='bbox 1268 4084 1543 4161; x_wconf 89' lang='lat' dir='ltr'>quamuis</span> <span class='ocrx_word' id='word_1_284' title='bbox 1600 4085 1810 4163; x_wconf 88' lang='lat' dir='ltr'>regalis</span> <span class='ocrx_word' id='word_1_285' title='bbox 1865 4087 2144 4163; x_wconf 86' lang='lat' dir='ltr'>potencia</span> <span class='ocrx_word' id='word_1_286' title='bbox 2197 4086 2652 4164; x_wconf 88' lang='lat' dir='ltr'>quodammodo</span> <span class='ocrx_word' id='word_1_287' title='bbox 2705 4104 2884 4163; x_wconf 88' lang='lat' dir='ltr'>supra</span> <span class='ocrx_word' id='word_1_288' title='bbox 2943 4084 3107 4164; x_wconf 86' lang='lat' dir='ltr'>leges</span> 
     </span>
    </p>
   </div>
   <div class='ocr_carea' id='block_1_4' title="bbox 692 4248 3108 4473">
    <p class='ocr_par' dir='ltr' id='par_1_11' title="bbox 692 4248 3108 4473">
     <span class='ocr_line' id='line_1_38' title="bbox 767 4248 3108 4319; baseline 0.002 -18"><span class='ocrx_word' id='word_1_289' title='bbox 767 4252 803 4301; x_wconf 88' lang='lat' dir='ltr'>i.</span> <span class='ocrx_word' id='word_1_290' title='bbox 831 4250 867 4299; x_wconf 86' lang='lat'><strong>6</strong></span> <span class='ocrx_word' id='word_1_291' title='bbox 898 4255 1153 4301; x_wconf 75' lang='lat' dir='ltr'>enat-nant</span> <span class='ocrx_word' id='word_1_292' title='bbox 1184 4248 1230 4299; x_wconf 87' lang='lat' dir='ltr'>C</span> <span class='ocrx_word' id='word_1_293' title='bbox 1447 4250 1519 4301; x_wconf 87' lang='lat' dir='ltr'>iii.</span> <span class='ocrx_word' id='word_1_294' title='bbox 1543 4264 1577 4313; x_wconf 83' lang='lat'>3</span> <span class='ocrx_word' id='word_1_295' title='bbox 1611 4252 1784 4305; x_wconf 83' lang='lat' dir='ltr'>colore</span> <span class='ocrx_word' id='word_1_296' title='bbox 1817 4269 1919 4305; x_wconf 79' lang='lat' dir='ltr'>om.</span> <span class='ocrx_word' id='word_1_297' title='bbox 1953 4254 1999 4307; x_wconf 89' lang='lat' dir='ltr'>C</span> <span class='ocrx_word' id='word_1_298' title='bbox 2225 4256 2314 4307; x_wconf 81' lang='lat' dir='ltr'>vii.</span> <span class='ocrx_word' id='word_1_299' title='bbox 2348 4254 2431 4319; x_wconf 77' lang='lat' dir='ltr'>ss.</span> <span class='ocrx_word' id='word_1_300' title='bbox 2465 4254 3108 4305; x_wconf 75' lang='lat' dir='ltr'>innocenciam—excusat</span> 
     </span>
     <span class='ocr_line' id='line_1_39' title="bbox 698 4326 3108 4397; baseline 0.002 -18"><span class='ocrx_word' id='word_1_301' title='bbox 698 4329 869 4393; x_wconf 78' lang='lat' dir='ltr'>nearly</span> <span class='ocrx_word' id='word_1_302' title='bbox 898 4326 1075 4378; x_wconf 77' lang='lat' dir='ltr'>erased</span> <span class='ocrx_word' id='word_1_303' title='bbox 1099 4327 1147 4377; x_wconf 91' lang='lat' dir='ltr'>G</span> <span class='ocrx_word' id='word_1_304' title='bbox 1354 4326 1508 4389; x_wconf 78' lang='lat' dir='ltr'>Afler</span> <span class='ocrx_word' id='word_1_305' title='bbox 1535 4328 1661 4392; x_wconf 81' lang='lat' dir='ltr'>Cap.</span> <span class='ocrx_word' id='word_1_306' title='bbox 1687 4330 1760 4381; x_wconf 81' lang='lat' dir='ltr'>vii</span> <span class='ocrx_word' id='word_1_307' title='bbox 1795 4347 1860 4381; x_wconf 78' lang='lat' dir='ltr'>no</span> <span class='ocrx_word' id='word_1_308' title='bbox 1891 4340 2032 4397; x_wconf 68' lang='lat' dir='ltr'>span</span> <span class='ocrx_word' id='word_1_309' title='bbox 2062 4332 2251 4383; x_wconf 83' lang='lat' dir='ltr'>CEGD</span> <span class='ocrx_word' id='word_1_310' title='bbox 2447 4332 2552 4386; x_wconf 81' lang='lat' dir='ltr'>viii.</span> <span class='ocrx_word' id='word_1_311' title='bbox 2579 4348 2613 4395; x_wconf 84' lang='lat'>3</span> <span class='ocrx_word' id='word_1_312' title='bbox 2637 4332 2669 4383; x_wconf 81' lang='lat' dir='ltr'>s.</span> <span class='ocrx_word' id='word_1_313' title='bbox 2695 4333 2746 4382; x_wconf 89' lang='lat' dir='ltr'>in</span> <span class='ocrx_word' id='word_1_314' title='bbox 2771 4330 2883 4383; x_wconf 77' lang='lat' dir='ltr'>and</span> <span class='ocrx_word' id='word_1_315' title='bbox 2904 4332 3108 4384; x_wconf 84' lang='lat' dir='ltr'>honore</span> 
     </span>
     <span class='ocr_line' id='line_1_40' title="bbox 692 4405 1123 4473; baseline 0.002 -17"><span class='ocrx_word' id='word_1_316' title='bbox 692 4408 864 4473; x_wconf 74' lang='lat' dir='ltr'>partly</span> <span class='ocrx_word' id='word_1_317' title='bbox 882 4405 1058 4457; x_wconf 69' lang='lat' dir='ltr'>mua</span> <span class='ocrx_word' id='word_1_318' title='bbox 1074 4406 1123 4457; x_wconf 90' lang='lat' dir='ltr'>G</span> 
     </span>
    </p>
   </div>
  </div>
 </body>
</html>
