3434 5142
248 3001 383 3047 Nota
423 2999 559 3060 quod
602 2997 801 3048 Genius

180 3066 461 3116 secundum
496 3071 676 3126 poetas
710 3063 801 3114 Sa-

180 3132 365 3180 cerdos
424 3131 534 3177 Dee
579 3129 803 3178 veneris

184 3204 509 3258 nuncupatus
534 3203 631 3245 est.

828 397 945 458 182

1526 391 1724 456 VOX
1779 389 2324 456 CLAMANTIS

984 555 1304 616 Femineos
1345 573 1541 614 mores
1584 571 1728 630 sepe
1769 570 2016 612 mouere
2055 552 2243 612 vides.

986 652 1153 727 Quas
1194 652 1381 730 magis
1422 652 1573 712 ordo
1614 660 1785 728 putat
1827 650 2142 729 sapientes,
2189 649 2390 726 sepius
2431 649 2592 726 ipsas

985 751 1303 812 Cernimus
1344 768 1416 809 ex
1456 749 1632 809 fatuis
1673 748 1907 809 actibus
1949 766 2079 808 esse
2119 766 2370 825 graues3

986 847 1067 906 Et
1108 864 1226 924 que
1267 847 1483 924 scripta
1522 847 1736 918 sciunt,
1781 845 1968 923 magis
2010 844 2292 904 omnibus
2332 845 2446 904 hee
2486 842 2678 903 laicali

985 944 1077 1004 Ex
1120 944 1439 1005 indiscreto
1479 943 1730 1004 crimine
1771 961 1914 1020 sepe
1955 940 2196 1003 oedunt.

984 1042 1341 1118 Simpliciter
1382 1051 1608 1101 textum
1650 1040 1798 1100 dum
1841 1056 1983 1116 sepe
2024 1040 2246 1116 legunt,
2289 1055 2490 1114 neque
2524 1038 2754 1114 glosam

984 1139 1391 1212 Concernunt,
1436 1147 1499 1197 vt
1538 1147 1717 1214 agant
1759 1137 1975 1213 scripta
2016 1135 2193 1196 licere
2233 1144 2484 1212 putant:

986 1237 1206 1297 Leccio
1248 1237 1532 1312 scripture
1574 1235 1755 1295 docet
1795 1232 1924 1294 illas
1963 1243 2182 1292 cuncta
2223 1231 2490 1310 probare,

985 1335 1101 1408 Sic,
1145 1335 1287 1412 quia
1326 1343 1543 1392 cuncta
1584 1333 1808 1410 legunt,
1851 1340 2070 1391 cuncta
2109 1329 2362 1408 probare
2401 1330 2626 1390 volunt.

986 1432 1269 1493 Crescere
1312 1441 1521 1490 nature
1562 1440 1703 1490 sunt
1745 1431 1871 1489 iura
1912 1446 2031 1506 que
2073 1429 2483 1504 multiplicare,

988 1531 1127 1605 Que
1168 1530 1317 1590 deus
1359 1529 1421 1588 in
1462 1529 1655 1606 primo
1696 1527 1930 1605 scripsit
1969 1527 2048 1586 ab
2089 1545 2192 1587 ore
2233 1545 2345 1586 suo
2361 1548 2379 1601 3

988 1629 1248 1705 Hecque
1288 1627 1389 1688 dei
1430 1627 1649 1704 scripta
1688 1644 1924 1686 seruare
1962 1626 2188 1699 volunt,
2233 1642 2477 1702 quoque
2517 1624 2644 1683 iura

987 1727 1215 1785 Nature
1255 1724 1429 1785 solita
1467 1725 1717 1784 reddere
1759 1733 1962 1784 mente
2003 1723 2115 1801 pia.

1068 1824 1291 1883 Nititur
1330 1823 1394 1882 in
1434 1823 1683 1883 vetitum
1726 1822 1951 1895 mulier,
1997 1832 2087 1883 set
2128 1821 2295 1898 quod
2335 1821 2474 1880 licet
2514 1821 2646 1897 ipsa

986 1923 1129 1982 Hoc
1171 1921 1301 1980 sine
1342 1921 1584 1981 mentali
1628 1938 1932 1980 murmure
1973 1937 2104 1980 raro
2145 1919 2323 1994 sacit;

985 2021 1089 2080 Set
1129 2020 1317 2096 magis
1360 2020 1473 2078 hiis
1514 2019 1748 2097 scriptis
1789 2018 2050 2096 perfecte
2091 2028 2230 2078 sunt
2271 2017 2578 2090 moniales,

986 2119 1067 2177 Et
1108 2119 1412 2195 pacienter
1451 2128 1637 2196 agunt
1678 2136 1800 2195 que
1843 2117 1956 2178 sibi
2001 2117 2219 2194 scripta
2261 2114 2486 2176 iubent.

987 2216 1288 2290 Scribitur,
1334 2216 1445 2275 hec
1486 2233 1669 2293 grana
1712 2234 1833 2293 que
1874 2234 1999 2276 non
2042 2215 2238 2292 capiet
2278 2213 2441 2274 bona
2481 2222 2653 2285 terra,

990 2315 1091 2374 Nil
1134 2314 1247 2373 sibi
1290 2313 1665 2386 fructificant,
1708 2325 1801 2374 set
1842 2316 2100 2391 peritura
2141 2313 2372 2373 iacent:

988 2413 1127 2487 Que
1168 2421 1373 2471 tamen
1417 2420 1476 2471 et
1519 2411 1711 2488 qualis
1753 2412 1830 2471 sit
1871 2421 2024 2472 terra
2067 2420 2230 2488 patet
2271 2409 2564 2482 monialis,

990 2511 1101 2569 Est
1141 2509 1225 2569 ibi
1267 2528 1407 2568 nam
1450 2509 1651 2570 decies
1694 2510 2082 2586 multiplicata
2125 2510 2341 2571 Ceres:

990 2608 1070 2667 Et
1110 2607 1252 2684 quia
1294 2607 1379 2666 sic
1420 2616 1653 2666 teneres
1694 2606 1957 2668 subeunt
1997 2607 2237 2685 pondus
2278 2607 2573 2678 mulieres,

990 2704 1142 2766 Ocia
1183 2704 1548 2782 quandoque
1588 2705 1667 2766 de
1706 2706 1948 2766 racione
1989 2715 2216 2782 petunt.

990 2802 1229 2862 Accidit
1268 2802 1329 2860 in
1376 2802 1625 2862 Veneris
1668 2804 1834 2880 quod
1875 2814 2123 2863 sumunt
2164 2821 2306 2881 ergo
2347 2801 2561 2862 diebus

990 2900 1217 2962 Carnes
1258 2919 1366 2977 pro
1409 2901 1700 2961 stomachi
1743 2901 2051 2962 debilitate
2093 2902 2219 2962 sui:

991 2998 1151 3058 Nam
1194 2999 1401 3058 Venus
1444 2999 1715 3077 ingenuis
1759 3001 1957 3060 Genio
1997 2999 2320 3059 committit
2361 2999 2661 3075 alumpnis

992 3097 1040 3155 F
1041 3097 1241 3157 ercula
1280 3097 1447 3173 quod
1488 3096 1751 3174 nimphis
1794 3108 2064 3174 preparet
2107 3098 2234 3175 ipse
2275 3096 2384 3156 sui.

993 3194 1095 3253 Set
1134 3193 1274 3270 gula
1314 3211 1457 3270 sepe
1498 3206 1703 3271 grauat
1747 3195 2124 3272 nimiumque
2160 3195 2384 3270 repleta
2423 3193 2718 3266 tumescit,

994 3292 1159 3350 Dum
1201 3291 1366 3351 dolet
1408 3309 1691 3369 oppressa
1731 3292 1812 3353 de
1850 3292 2138 3370 grauitate
2178 3291 2316 3351 cibi.

994 3389 1102 3448 Est
1144 3390 1322 3448 nimis
1363 3389 1481 3450 offa
1521 3390 1733 3467 grauis,
1778 3401 2046 3450 ventrem
2086 3408 2204 3467 que
2248 3391 2434 3449 tincta
2476 3407 2709 3449 veneno

989 3488 1257 3562 Toxicat,
1303 3498 1363 3548 et
1404 3487 1701 3547 dubium
1745 3489 1994 3548 mortis
2037 3488 2232 3548 inesse
2275 3487 2476 3547 dabit:

993 3587 1149 3646 Esca
1189 3597 1279 3646 set
1319 3587 1557 3646 occulto
1599 3604 1720 3663 que
1762 3587 2030 3658 sumitur,
2073 3596 2164 3646 est
2206 3584 2303 3646 vbi
2346 3585 2510 3644 nulla

994 3685 1141 3757 Lux,
1186 3693 1364 3744 nocet
1406 3695 1467 3744 et
1506 3683 1750 3744 morbos
1791 3703 1934 3762 sepe
1976 3684 2080 3744 dat
2121 3702 2251 3746 esse
2291 3701 2517 3761 graues.

2933 1349 3030 1402 570

2935 2321 3035 2383 580

2939 3311 3037 3363 590

900 3847 1021 3903 Hic
1044 3849 1317 3918 loquitur
1342 3852 1613 3919 qualiter
1631 3852 1937 3907 ordinarii
1956 3868 2037 3908 ex
2052 3868 2170 3908 nna
2187 3851 2589 3918 vlaitacione,
2604 3868 2732 3923 qua
2746 3853 3040 3908 muneres

578 4130 773 4204 Capm.
808 4128 944 4187 xiiii.

900 4339 998 4401 587
1020 4338 1285 4404 Margu'nal
1300 4345 1410 4388 nole
1424 4341 1518 4389 ἶνις.
1538 4342 1671 4391 SCG
1739 4359 1840 4394 om.
1869 4345 2146 4394 EHDLH·

838 4417 1081 4467 Ouidium
1106 4419 1289 4467 dicitur
1312 4421 1555 4470 sacerdos
1576 4419 1800 4471 Veneris
1825 4421 1872 4472 G
2070 4439 2171 4486 593
2203 4423 2272 4474 ibi
2297 4423 2383 4474 SE

996 4225 1210 4288 Carnis
1252 4247 1374 4289 non
1416 4232 1652 4290 claustri
1696 4232 1822 4292 iura
1863 4243 2067 4293 tenere
2109 4233 2369 4292 docent:

832 3935 1139 4078 {engiens
1169 3938 1429 3994 velatas
1460 3955 1532 3996 se
1558 3939 1778 3995 dicunt
1801 3943 2135 4010 corrigere,
2160 3941 2339 4012 ipsae
2361 3941 2740 3997 multociens
2765 3941 3039 3998 efficiunt

876 4025 1196 4080 etex-iores.

1074 4130 1243 4204 Quas
1285 4132 1492 4194 Venus
1534 4144 1594 4194 et
1636 4133 1867 4195 Genius
1908 4135 2086 4195 cellas
2127 4135 2314 4195 modo
2355 4134 2464 4195 rite
2505 4133 2855 4211 gubernant,

2215 4345 2350 4394 Nota
2366 4346 2506 4408 quod
2531 4345 2732 4396 Genius
2754 4344 3038 4394 secundum
