3434 5142
840 446 966 507 268
1538 437 1736 505 VOX
1795 437 2337 515 CLAMANTIS

1011 604 1122 662 Est
1165 618 1278 661 nec
1323 601 1623 673 HeliseuS,
1670 600 1945 660 Naaman
1988 616 2186 677 neque
2228 598 2294 658 fit
2336 594 2523 658 modo
2564 614 2762 671 sanus,

1005 702 1153 759 Vult
1194 709 1394 759 tamen
1437 717 1514 759 en
1555 698 1723 759 Giesi
1764 716 1998 758 sumere
2038 697 2199 757 dona
2240 694 2374 756 sibi.

1011 798 1231 859 Euolat
1272 816 1344 857 ex
1385 798 1562 856 archa
1603 796 1791 857 modo
1832 813 1945 856 nec
1986 794 2137 855 redit
2178 794 2307 871 ipsa
2347 792 2647 867 columba,

1011 896 1200 957 Cuius
1240 894 1402 953 enim
1445 911 1662 953 coruus
1703 893 1823 951 iam
1864 893 2012 968 regit
2052 891 2186 968 ipse
2220 892 2396 952 vices,

1009 992 1108 1051 Sic
1149 990 1308 1067 capit
1347 990 1620 1065 exempla
1661 989 1861 1048 nullus
1900 988 1981 1049 de
2020 988 2155 1065 lege
2190 996 2437 1061 vetusta,

1011 1090 1156 1165 Quo
1199 1096 1620 1150 testamentum
1665 1087 1875 1147 defluit
1916 1103 2058 1146 ecce
2100 1103 2352 1146 nouum.
2924 1109 3058 1156 1240

1091 1187 1209 1247 Dic
1249 1184 1350 1246 vbi
1391 1196 1536 1245 sunt
1576 1184 1660 1243 illi
1702 1184 1807 1262 qui
1849 1202 2039 1261 nuper
2079 1183 2145 1242 in
2184 1184 2395 1244 ordine
2437 1183 2617 1245 Cristi

1008 1283 1220 1345 Rebus
1261 1294 1320 1343 et
1361 1282 1647 1358 exemplis
1689 1280 1970 1359 dogmata
2010 1291 2215 1340 sanem
2256 1280 2499 1341 dabant.

1009 1384 1290 1443 Mortuus
1329 1391 1421 1441 est
1463 1381 1689 1452 PetruS,
1736 1388 1851 1439 stat
1894 1376 2167 1439 Liberius
2208 1377 2409 1453 modo,
2454 1379 2629 1438 cuius-

1008 1478 1292 1539 Custodit
1333 1486 1532 1554 portas
1574 1477 1783 1536 Simon
1826 1476 1890 1535 in
1930 1484 2057 1535 arte
2100 1476 2339 1552 Magus.

1011 1575 1224 1651 Nuper
1261 1590 1624 1634 conuersum
1666 1572 1747 1633 de
1786 1572 1968 1633 Saulo
2010 1572 2217 1633 sencio
2258 1573 2533 1645 Paulum,

1007 1672 1256 1732 Saulum
1297 1672 1376 1732 de
1418 1673 1605 1732 Paulo
1646 1688 1931 1747 nuncque
1970 1671 2162 1731 redire
2204 1671 2349 1731 scio.

1005 1768 1279 1847 Gregorii
1320 1769 1536 1846 scripta
1575 1767 1771 1828 verbis
1814 1767 2106 1828 seruanda
2146 1765 2439 1841 iubemuS,

1010 1867 1245 1928 Nostris
1287 1876 1376 1927 set
1417 1867 1588 1926 factis
1629 1866 1759 1943 ipsa
1800 1866 2075 1943 neganda
2115 1864 2351 1926 damus.

1011 1966 1261 2026 Martini
1301 1964 1552 2042 legimus
1595 1965 1845 2037 donum,
1890 1973 1981 2025 set
2021 1963 2231 2024 diuitis
2264 1980 2439 2024 aures

1009 2062 1140 2123 Nos
1181 2062 1388 2123 surdas
1429 2063 1704 2140 gerimus,
1750 2080 1873 2139 quo
1914 2060 2076 2122 bona
2116 2061 2280 2121 nulla
2322 2062 2551 2121 damus.
2921 2082 3056 2133 1250

1008 2162 1128 2221 Dic
1169 2160 1268 2221 vbi
1309 2160 1608 2220 defunctis
1648 2160 1797 2220 alter
1834 2160 1911 2220 sit
1954 2161 2015 2218 in
2056 2157 2204 2220 orbe
2243 2159 2527 2233 Thobias‚

1009 2259 1128 2318 Dic
1168 2257 1270 2318 vbi
1311 2257 1404 2318 vel
1446 2257 1635 2334 pietas
1675 2258 1862 2318 corda
1902 2256 2193 2317 moderna
2233 2267 2457 2317 mouet.

1008 2355 1286 2417 Aduerso
1327 2357 1586 2433 paciens,
1629 2374 1925 2415 conuerso
1966 2364 2237 2432 tempore
2277 2355 2452 2428 mitis,

1010 2452 1127 2514 Iob
1167 2454 1297 2528 fuit,
1341 2462 1402 2515 et
1441 2451 1640 2513 stabili
1681 2462 1886 2513 mente
1925 2450 2210 2511 remansit
2250 2451 2450 2513 idem:

1009 2552 1191 2610 Nunc
1231 2548 1435 2611 tamen
1477 2558 1721 2609 econtra
1763 2549 1841 2610 de
1882 2550 2272 2626 prosperitate
2314 2549 2579 2627 superbit

1007 2648 1244 2722 Omnis,
1289 2658 1350 2707 et
1387 2648 1644 2707 aduerso
1685 2657 1955 2725 tempore
1996 2664 2265 2707 murmur
2304 2648 2442 2724 agit.

1088 2745 1335 2807 Ordinis
1377 2746 1695 2805 instructor
1738 2764 1899 2804 nunc
1941 2753 2212 2805 mortuus
2254 2756 2345 2805 est
2388 2746 2767 2819 Benedictus,

1004 2844 1108 2905 Set
1151 2845 1418 2904 Iulianus
1459 2842 1659 2904 adhuc
1698 2842 1846 2903 viuit
1886 2853 1946 2904 et
1986 2842 2187 2903 obstat
2229 2844 2301 2904 ei.

1008 2942 1182 3001 Fallit
1225 2941 1311 3002 sal
1353 2952 1522 3015 terre,
1566 2960 1690 3001 non
1733 2950 1823 3001 est
1864 2941 1927 2999 in
1967 2958 2092 3018 quo
2133 2942 2393 3012 salietur,

1007 3041 1181 3101 Fetet
1221 3038 1303 3100 ob
1345 3041 1463 3100 hoc
1505 3040 1703 3099 anima
1745 3039 1994 3099 crimine
2035 3040 2227 3099 carnis
2271 3040 2462 3100 olens,
2918 3051 3049 3101 1260

1010 3138 1155 3197 Non
1200 3138 1448 3197 moritur
1487 3156 1755 3215 granum,
1802 3148 2004 3197 manet
2044 3138 2109 3196 in
2150 3156 2215 3197 se
2256 3148 2347 3198 set
2388 3137 2574 3199 modo
2616 3136 2833 3211 solum,

1005 3234 1282 3311 Occupat
1323 3244 1384 3295 et
1424 3244 1640 3295 terram
1681 3236 1863 3295 cardo
1904 3252 2024 3311 que
2064 3244 2254 3295 vastat
2294 3252 2465 3296 eam:

1007 3332 1152 3393 Non
1195 3343 1398 3393 manet
1439 3333 1500 3392 in
1544 3332 1664 3392 vite
1706 3332 1893 3393 modo
1934 3332 2179 3409 palmes,
2225 3334 2311 3393 sic
2352 3350 2551 3411 neque
2591 3333 2813 3392 fructus

1011 3431 1151 3490 Fert
1192 3448 1283 3506 ea„
1324 3440 1414 3492 set
1456 3432 1666 3492 sterilis
1707 3431 1866 3491 sicca
1906 3430 2228 3491 cremanda
2266 3431 2437 3491 iacet.

1008 3528 1138 3587 Lux
1182 3530 1332 3605 perit
1370 3548 1408 3589 a
1450 3528 1662 3590 Phebo
1703 3528 2005 3589 stellarum
2046 3528 2275 3588 lumine
2316 3548 2503 3603 verSO,

1009 3620 1090 3680 Et
1132 3622 1273 3681 sinit
1312 3621 1582 3698 eclipsim
1625 3621 1866 3682 subdita
1905 3622 2049 3682 luna
2088 3640 2277 3683 suam.

1007 3718 1067 3777 N
1071 3736 1190 3777 unc
1232 3737 1426 3779 nouus
1469 3729 1559 3779 est
1600 3720 1795 3793 AriuS‚
1840 3738 2035 3780 nouus
2078 3730 2169 3779 est
2208 3721 2379 3797 quasi
2423 3710 2810 3794 Iouinianus;

1007 3816 1171 3875 Dum
1214 3816 1485 3893 plantant
1526 3817 1802 3891 heresim,
1846 3818 1995 3878 dant
2035 3818 2311 3883 dubitare
2352 3818 2573 3879 fidem:

1007 3912 1170 3973 Ecce
1210 3913 1372 3975 diem
1414 3924 1654 3975 noctem
1697 3915 1924 3990 dicunt,
1968 3914 2245 3976 tenebras
2286 3934 2531 3994 quoque
2570 3918 2786 3988 lucem,

1007 4010 1308 4070 Iniustum
1350 4021 1618 4084 rectum;
1675 4014 1763 4073 sie
1802 4014 1953 4091 perit
1993 4031 2175 4075 omne
2216 4012 2462 4074 bonum.
2916 4030 3051 4087 1270

913 4200 1033 4255 Hic
1081 4201 1326 4259 tractat
1362 4207 1545 4273 quod,
1581 4208 1749 4263 sicut
1784 4206 2094 4263 virtuosis
2128 4223 2330 4278 nuper
2365 4210 2432 4263 in
2471 4206 2743 4264 ecclesia
2778 4208 3049 4263 existen-

841 4288 1015 4344 tibus
1047 4291 1389 4346 succedunt
1420 4294 1672 4361 viciosi,
1705 4295 1802 4349 sic
1834 4297 1901 4351 et
1932 4295 2146 4350 mundi
2176 4296 2541 4366 proceribus
2575 4296 2786 4352 omnis
2816 4296 3048 4354 milicie

1675 4434 1798 4483 1251
1836 4420 2109 4472 defunctus
2133 4421 2228 4471 DT
