3434 5142
1154 485 1439 552 LIBER
1494 485 1862 554 SEXTUS
2482 506 2608 568 249

572 646 740 721 Quid
782 643 891 706 tibi
930 645 1122 706 forma
1150 645 1315 708 iuuat
1353 645 1449 708 vel
1490 643 1697 708 nobile
1737 663 1962 708 nomen
2003 648 2293 720 Auorum,

568 744 631 804 Si
671 743 837 802 viciis
878 760 1083 803 seruus
1123 743 1313 804 factus
1352 761 1419 806 es
1458 743 1587 820 ipse
1628 743 1792 808 tuis?
2504 753 2606 817 630

572 841 800 900 Doctor
839 839 1161 904 Alexandri
1204 840 1415 920 Magni
1456 857 1675 920 prauos
1712 839 1830 904 sibi
1871 859 2070 904 mores

569 938 851 998 Primitus
893 937 1151 1012 edocuit,
1195 938 1345 1000 dum
1386 956 1535 1016 puer
1573 939 1703 1014 ipse
1745 937 1892 1004 fain

566 1037 702 1095 Rex
742 1054 891 1112 puer
930 1036 1044 1099 hec
1084 1036 1311 1112 didicit,
1352 1053 1475 1114 que
1514 1047 1652 1113 post
1690 1037 1842 1098 dum
1882 1036 2243 1101 dedidicisse

565 1135 929 1211 Temptauit,
974 1135 1197 1211 primus
1234 1132 1437 1196 obstat
1476 1134 1700 1196 abusus
1741 1134 1833 1198 ei.

570 1231 731 1290 Vicit
770 1231 1110 1295 Alexander
1150 1231 1399 1294 Darium
1442 1232 1623 1296 simul
1662 1241 1723 1296 et
1765 1231 2139 1307 Babilonem‚

571 1329 673 1388 Set
714 1331 922 1406 nequit
966 1330 1321 1407 impressum
1360 1330 1600 1393 vincere
1638 1330 1823 1396 corde
1861 1331 2106 1392 malum.

571 1428 781 1504 Nuper
822 1428 884 1487 in
926 1427 1215 1507 exemplis
1254 1429 1617 1505 scripserunt
1658 1429 1746 1490 sic
1786 1428 2102 1505 sapientes,

576 1524 763 1600 Quod
802 1526 963 1603 prius
1006 1525 1307 1604 imbuerit,
1347 1536 1499 1588 testa
1536 1537 1746 1592 tenere
1785 1527 1978 1592 solet:

573 1623 723 1696 Rex,
767 1623 941 1700 igitur
980 1623 1167 1688 cicius
1206 1625 1463 1686 viciosos
1504 1625 1659 1702 pelle
1699 1635 1980 1699 remotos,

573 1720 729 1778 Nam
772 1721 869 1780 vix
909 1731 1081 1799 turpe
1121 1733 1291 1788 vetus
1332 1723 1523 1788 nescit
1560 1721 1728 1784 abire
1767 1723 1942 1786 foras.
2513 1731 2614 1795 640

572 1817 799 1878 Plaude
840 1817 1032 1894 boniS,
1076 1820 1216 1898 fuge
1256 1838 1577 1902 prauorum
1618 1819 1947 1892 consorcia,
1989 1817 2189 1882 labem

572 1916 671 1976 De
710 1915 844 1994 pice
884 1927 1132 1978 tractata
1173 1919 1469 1982 contrahit
1508 1935 1647 1994 egra
1688 1934 1921 1980 manus.

481 2127 599 2182 Hic
653 2127 929 2198 loquitur
988 2127 1261 2196 quanter
1318 2141 1434 2182 rex
1488 2127 1611 2184 nihi
1668 2127 1836 2182 male
1894 2125 2301 2182 coneulentes
2359 2125 2615 2180 caucius

410 2217 669 2282 euitare,
704 2216 1183 2286 proditoresque
1230 2215 1415 2283 reg-ni
1468 2215 1567 2272 sui
1620 2215 1876 2284 penitus
1936 2215 2322 2281 extinguere,
2357 2228 2616 2270 enorum

410 2304 611 2357 eciam
638 2303 1041 2358 conditiones
1066 2303 1497 2360 mmstrorum
1524 2301 1896 2374 diligencius
1921 2302 2332 2370 intronizare,
2356 2303 2422 2360 et
2451 2315 2617 2368 quos

409 2393 596 2446 extra
628 2391 947 2446 iusticiam
974 2395 1266 2450 errantes
1298 2390 1629 2456 inuenerit,
1654 2391 1872 2448 debita
1904 2405 2072 2462 pena
2095 2389 2409 2458 corrigere
2431 2388 2616 2442 debet

410 2483 475 2534 et
498 2479 855 2535 districcius
880 2481 1216 2550 castigare.

234 2599 430 2674 Capm.
464 2602 539 2660 ix.
659 2600 949 2662 Sordibus
990 2601 1307 2679 implicitos
1346 2601 1648 2678 falsosque
1682 2599 1930 2664 cauebis
1969 2599 2214 2672 amicos,

576 2698 699 2774 Qui
738 2707 842 2758 tua
883 2699 1235 2776 deposcunt,
1278 2709 1339 2759 te
1380 2717 1494 2760 nec
1534 2717 1736 2764 amare
1775 2699 2019 2762 volunt:

576 2797 807 2857 Blanda
847 2796 1194 2860 dolosorum
1235 2796 1425 2875 fugias
1468 2815 1574 2874 per
1612 2795 1798 2862 verba
1837 2796 2044 2872 leuari,

578 2893 673 2954 Ne
714 2895 969 2970 speciale
1008 2904 1180 2956 tuum
1222 2913 1447 2958 nomen
1487 2895 1568 2959 ad
1606 2912 1746 2971 yma
1786 2903 1994 2956 ruant:

494 3039 501 3048 .
576 2989 778 3052 Verba
818 2993 994 3053 nimis
1036 2992 1247 3054 leuiter
1286 2993 1493 3055 audire
1530 3009 1654 3069 que
1692 2992 1937 3056 credere
1975 2991 2138 3056 dicta

577 3088 731 3166 Sepe
772 3107 1169 3166 supervacuos
1210 3089 1369 3165 cogit
1410 3089 1560 3151 inire
1599 3098 1814 3154 metus.

576 3186 685 3244 Vir
722 3187 829 3263 qui
871 3185 1027 3246 bella
1066 3171 1289 3259 mouet,
1334 3184 1439 3262 qui
1478 3185 1695 3261 predas
1733 3184 2010 3259 consulit,
2053 3193 2116 3248 et
2151 3185 2254 3261 qui

576 3283 895 3362 Conspirat
936 3294 1099 3344 taxas
1140 3281 1333 3362 plebis
1374 3281 1597 3346 habere
1636 3292 1757 3356 tue,
2518 3291 2618 3354 650

576 3381 636 3442 Ο
676 3398 794 3456 rex,
839 3400 946 3441 oro
987 3389 1120 3442 tuas
1160 3381 1329 3458 quod
1369 3379 1614 3442 claudas
1654 3375 1876 3440 talibus
1913 3395 2107 3452 aures,

580 3479 677 3540 Ne
716 3488 821 3538 tua
856 3477 1139 3540 nobilitas
1180 3480 1304 3540 lesa
1343 3479 1577 3540 fatiscat
1616 3476 1724 3542 eis-

578 3577 914 3638 Consilium
956 3579 1151 3654 regale
1190 3588 1362 3640 tuum
1404 3577 1491 3640 vir
1530 3575 1730 3640 nullus
1771 3591 1987 3638 auarus

579 3676 831 3753 Tangat,
874 3684 965 3736 set
1008 3676 1155 3736 tales
1196 3677 1403 3738 mortis
1440 3676 1523 3738 ad
1563 3675 1750 3740 instar
1789 3670 1968 3736 habe.

582 3774 743 3835 Illud
783 3774 847 3833 in
888 3772 1035 3834 orbe
1076 3773 1301 3836 malurn
1342 3792 1469 3835 non
1508 3782 1615 3847 est,
1658 3771 1854 3850 quod
1895 3769 2140 3832 cordis
2181 3769 2378 3833 auari

581 3872 723 3931 Non
765 3872 908 3931 latet
948 3872 1009 3930 in
1051 3871 1218 3944 cella,
1260 3871 1409 3934 dum
1448 3871 1571 3934 sitit
1612 3869 1758 3934 inde
1797 3869 2068 3955 lucrum:

581 3969 871 4030 Ambulat
910 3970 973 4028 in
1014 3968 1293 4043 tenebris,
1338 3985 1491 4046 opus
1532 3978 1768 4032 exercet
1809 3965 2211 4041 tenebrarum,

583 4067 732 4129 Odit
772 4078 833 4127 et
874 4067 1183 4144 impugnat
1224 4065 1309 4128 nil
1349 4066 1463 4126 nisi
1502 4066 1669 4143 pacis
1707 4083 1884 4143 opus.

585 4165 709 4242 Qui
752 4165 870 4226 mel
910 4165 974 4224 in
1015 4183 1117 4226 ore
1158 4183 1387 4241 gerens,
1430 4175 1521 4228 set
1561 4163 1792 4226 habens
1834 4163 1896 4227 in
1936 4162 2122 4228 corde
2160 4179 2481 4235 venenum,

583 4265 755 4324 Pacis
798 4263 978 4324 habet
1018 4261 1289 4338 verbum,
1328 4273 1532 4328 mente
1572 4262 1845 4326 notando
1883 4263 2130 4336 malum,
2521 4267 2622 4318 660

942 4394 1067 4458 Cap.
1095 4393 1163 4446 ix.
1188 4393 1431 4459 Haading
1450 4409 1473 4444 1
1500 4409 1595 4445 rex
1614 4408 1715 4443 om.
1739 4391 1784 4444 C

943 4476 1043 4537 652
1074 4473 1290 4528 fatescat
1312 4472 1367 4524 H
1594 4472 1695 4536 658
1729 4471 2034 4536 impungunt
2055 4470 2096 4522 S
2399 4465 2436 4490 ‘⁹'
2547 4496 2552 4508 ·
