<?xml version="1.0" encoding="UTF-8"?>
<!DOCTYPE html PUBLIC "-//W3C//DTD XHTML 1.0 Transitional//EN"
    "http://www.w3.org/TR/xhtml1/DTD/xhtml1-transitional.dtd">
<html xmlns="http://www.w3.org/1999/xhtml" xml:lang="en" lang="en">
 <head>
  <title>
</title>
<meta http-equiv="Content-Type" content="text/html;charset=utf-8" />
  <meta name='ocr-system' content='tesseract 3.04.00' />
  <meta name='ocr-capabilities' content='ocr_page ocr_carea ocr_par ocr_line ocrx_word'/>
</head>
<body>
  <div class='ocr_page' id='page_1' title='image "./completeworksjo01macagoog_0335.png"; bbox 0 0 3434 5142; ppageno 0'>
   <div class='ocr_carea' id='block_1_1' title="bbox 1115 521 2566 607">
    <p class='ocr_par' dir='ltr' id='par_1_1' title="bbox 1115 521 2566 607">
     <span class='ocr_line' id='line_1_1' title="bbox 1115 521 2566 607; baseline 0.001 -20"><span class='ocrx_word' id='word_1_1' title='bbox 1115 523 1399 587; x_wconf 80' lang='lat' dir='ltr'>LIBER</span> <span class='ocrx_word' id='word_1_2' title='bbox 1457 521 1826 588; x_wconf 75' lang='lat' dir='ltr'>SEXTUS</span> <span class='ocrx_word' id='word_1_3' title='bbox 2443 543 2566 607; x_wconf 83' lang='lat'><strong>245</strong></span> 
     </span>
    </p>
   </div>
   <div class='ocr_carea' id='block_1_2' title="bbox 512 666 2568 2130">
    <p class='ocr_par' dir='ltr' id='par_1_2' title="bbox 524 666 2568 858">
     <span class='ocr_line' id='line_1_2' title="bbox 526 666 2568 761; baseline 0 -19"><span class='ocrx_word' id='word_1_4' title='bbox 526 682 694 759; x_wconf 80' lang='lat' dir='ltr'><strong>Quid</strong></span> <span class='ocrx_word' id='word_1_5' title='bbox 732 682 990 760; x_wconf 83' lang='lat' dir='ltr'><strong>populus</strong></span> <span class='ocrx_word' id='word_1_6' title='bbox 1030 701 1106 744; x_wconf 79' lang='lat' dir='ltr'><strong>ve</strong></span> <span class='ocrx_word' id='word_1_7' title='bbox 1146 681 1277 756; x_wconf 72' lang='lat' dir='ltr'><strong>sibi,</strong></span> <span class='ocrx_word' id='word_1_8' title='bbox 1320 701 1423 743; x_wconf 76' lang='lat' dir='ltr'><strong>rex</strong></span> <span class='ocrx_word' id='word_1_9' title='bbox 1464 683 1577 745; x_wconf 83' lang='lat' dir='ltr'>nisi</span> <span class='ocrx_word' id='word_1_10' title='bbox 1618 666 1826 761; x_wconf 61' lang='lat' dir='ltr'><strong>regnet</strong></span> <span class='ocrx_word' id='word_1_11' title='bbox 1866 681 1996 743; x_wconf 77' lang='lat' dir='ltr'><strong>ibi?</strong></span> <span class='ocrx_word' id='word_1_12' title='bbox 2299 683 2304 686; x_wconf 88' lang='lat'>·</span> <span class='ocrx_word' id='word_1_13' title='bbox 2469 707 2568 758; x_wconf 78' lang='lat'><strong>530</strong></span> 
     </span>
     <span class='ocr_line' id='line_1_3' title="bbox 524 779 2175 858; baseline 0 -18"><span class='ocrx_word' id='word_1_14' title='bbox 524 781 637 840; x_wconf 87' lang='lat' dir='ltr'><strong>Est</strong></span> <span class='ocrx_word' id='word_1_15' title='bbox 676 781 823 858; x_wconf 88' lang='lat' dir='ltr'><strong>quid</strong></span> <span class='ocrx_word' id='word_1_16' title='bbox 862 799 981 854; x_wconf 79' lang='lat' dir='ltr'><strong>rex,</strong></span> <span class='ocrx_word' id='word_1_17' title='bbox 1026 779 1141 840; x_wconf 82' lang='lat' dir='ltr'><strong>nisi</strong></span> <span class='ocrx_word' id='word_1_18' title='bbox 1182 781 1501 842; x_wconf 74' lang='lat' dir='ltr'><strong>consilium</strong></span> <span class='ocrx_word' id='word_1_19' title='bbox 1545 780 1724 841; x_wconf 61' lang='lat' dir='ltr'><strong>fixerit</strong></span> <span class='ocrx_word' id='word_1_20' title='bbox 1759 779 1876 841; x_wconf 80' lang='lat' dir='ltr'><strong>sibi</strong></span> <span class='ocrx_word' id='word_1_21' title='bbox 1917 799 2131 842; x_wconf 82' lang='lat' dir='ltr'><strong>sanum</strong></span> <span class='ocrx_word' id='word_1_22' title='bbox 2145 781 2175 840; x_wconf 80' lang='lat' dir='ltr'>P</span> 
     </span>
    </p>

    <p class='ocr_par' dir='ltr' id='par_1_3' title="bbox 523 878 1875 956">
     <span class='ocr_line' id='line_1_4' title="bbox 523 878 1875 956; baseline -0.001 -16"><span class='ocrx_word' id='word_1_23' title='bbox 523 879 675 940; x_wconf 89' lang='lat' dir='ltr'><strong>Sunt</strong></span> <span class='ocrx_word' id='word_1_24' title='bbox 716 879 863 956; x_wconf 91' lang='lat' dir='ltr'><strong>quid</strong></span> <span class='ocrx_word' id='word_1_25' title='bbox 904 879 1170 952; x_wconf 84' lang='lat' dir='ltr'><strong>consilia,</strong></span> <span class='ocrx_word' id='word_1_26' title='bbox 1215 897 1316 939; x_wconf 82' lang='lat' dir='ltr'><strong>rex</strong></span> <span class='ocrx_word' id='word_1_27' title='bbox 1356 878 1473 938; x_wconf 84' lang='lat' dir='ltr'><strong>nisi</strong></span> <span class='ocrx_word' id='word_1_28' title='bbox 1513 879 1717 939; x_wconf 75' lang='lat' dir='ltr'><strong>credat</strong></span> <span class='ocrx_word' id='word_1_29' title='bbox 1759 881 1875 939; x_wconf 82' lang='lat' dir='ltr'><strong>ea?</strong></span> 
     </span>
    </p>

    <p class='ocr_par' dir='ltr' id='par_1_4' title="bbox 521 975 1912 1050">
     <span class='ocr_line' id='line_1_5' title="bbox 521 975 1912 1050; baseline 0.001 -16"><span class='ocrx_word' id='word_1_30' title='bbox 521 975 809 1038; x_wconf 81' lang='lat' dir='ltr'><strong>Attamen</strong></span> <span class='ocrx_word' id='word_1_31' title='bbox 850 976 913 1034; x_wconf 84' lang='lat' dir='ltr'><strong>in</strong></span> <span class='ocrx_word' id='word_1_32' title='bbox 954 987 1156 1036; x_wconf 80' lang='lat' dir='ltr'><strong>nostra</strong></span> <span class='ocrx_word' id='word_1_33' title='bbox 1197 976 1284 1036; x_wconf 92' lang='lat' dir='ltr'><strong>sic</strong></span> <span class='ocrx_word' id='word_1_34' title='bbox 1314 985 1439 1036; x_wconf 77' lang='lat' dir='ltr'><strong>stat</strong></span> <span class='ocrx_word' id='word_1_35' title='bbox 1478 976 1699 1036; x_wconf 83' lang='lat' dir='ltr'><strong>diuisio</strong></span> <span class='ocrx_word' id='word_1_36' title='bbox 1739 984 1912 1050; x_wconf 75' lang='lat' dir='ltr'><strong>terra,</strong></span> 
     </span>
    </p>

    <p class='ocr_par' dir='ltr' id='par_1_5' title="bbox 522 1073 2076 1152">
     <span class='ocr_line' id='line_1_6' title="bbox 522 1073 2076 1152; baseline 0.001 -18"><span class='ocrx_word' id='word_1_37' title='bbox 522 1073 709 1148; x_wconf 90' lang='lat' dir='ltr'><strong>Quod</strong></span> <span class='ocrx_word' id='word_1_38' title='bbox 746 1073 865 1134; x_wconf 82' lang='lat' dir='ltr'><strong>sibi</strong></span> <span class='ocrx_word' id='word_1_39' title='bbox 904 1074 1161 1152; x_wconf 85' lang='lat' dir='ltr'><strong>quisque</strong></span> <span class='ocrx_word' id='word_1_40' title='bbox 1201 1091 1371 1134; x_wconf 78' lang='lat' dir='ltr'><strong>suam</strong></span> <span class='ocrx_word' id='word_1_41' title='bbox 1410 1074 1531 1133; x_wconf 87' lang='lat' dir='ltr'><strong>iam</strong></span> <span class='ocrx_word' id='word_1_42' title='bbox 1569 1074 1715 1152; x_wconf 81' lang='lat' dir='ltr'><strong>legit</strong></span> <span class='ocrx_word' id='word_1_43' title='bbox 1754 1075 1842 1135; x_wconf 85' lang='lat' dir='ltr'><strong>ire</strong></span> <span class='ocrx_word' id='word_1_44' title='bbox 1879 1073 2076 1136; x_wconf 77' lang='lat' dir='ltr'><strong>viam:</strong></span> 
     </span>
    </p>

    <p class='ocr_par' dir='ltr' id='par_1_6' title="bbox 518 1171 1904 1246">
     <span class='ocr_line' id='line_1_7' title="bbox 518 1171 1904 1246; baseline -0.001 -13"><span class='ocrx_word' id='word_1_45' title='bbox 518 1171 821 1234; x_wconf 81' lang='lat' dir='ltr'><strong>Conciues</strong></span> <span class='ocrx_word' id='word_1_46' title='bbox 862 1171 1045 1232; x_wconf 86' lang='lat' dir='ltr'><strong>hodie</strong></span> <span class='ocrx_word' id='word_1_47' title='bbox 1086 1171 1383 1232; x_wconf 81' lang='lat' dir='ltr'>discordia</span> <span class='ocrx_word' id='word_1_48' title='bbox 1422 1181 1599 1232; x_wconf 77' lang='lat' dir='ltr'><strong>vexat</strong></span> <span class='ocrx_word' id='word_1_49' title='bbox 1637 1173 1701 1238; x_wconf 83' lang='lat' dir='ltr'><strong>in</strong></span> <span class='ocrx_word' id='word_1_50' title='bbox 1741 1171 1904 1246; x_wconf 78' lang='lat' dir='ltr'><strong>vrbe,</strong></span> 
     </span>
    </p>

    <p class='ocr_par' dir='ltr' id='par_1_7' title="bbox 518 1269 1786 1348">
     <span class='ocr_line' id='line_1_8' title="bbox 518 1269 1786 1348; baseline 0 -18"><span class='ocrx_word' id='word_1_51' title='bbox 518 1269 827 1347; x_wconf 78' lang='lat' dir='ltr'><strong>Extinguit</strong></span> <span class='ocrx_word' id='word_1_52' title='bbox 864 1270 1034 1348; x_wconf 84' lang='lat' dir='ltr'><strong>quod</strong></span> <span class='ocrx_word' id='word_1_53' title='bbox 1074 1271 1169 1329; x_wconf 87' lang='lat' dir='ltr'><strong>ius</strong></span> <span class='ocrx_word' id='word_1_54' title='bbox 1210 1269 1463 1347; x_wconf 79' lang='lat' dir='ltr'><strong>quilibet</strong></span> <span class='ocrx_word' id='word_1_55' title='bbox 1501 1270 1786 1346; x_wconf 72' lang='lat' dir='ltr'><strong>alterius3</strong></span> 
     </span>
    </p>

    <p class='ocr_par' dir='ltr' id='par_1_8' title="bbox 517 1367 2182 1447">
     <span class='ocr_line' id='line_1_9' title="bbox 517 1367 2182 1447; baseline -0.001 -19"><span class='ocrx_word' id='word_1_56' title='bbox 517 1367 578 1428; x_wconf 92' lang='lat' dir='ltr'>N</span> <span class='ocrx_word' id='word_1_57' title='bbox 579 1386 650 1429; x_wconf 91' lang='lat' dir='ltr'><strong>ec</strong></span> <span class='ocrx_word' id='word_1_58' title='bbox 691 1368 785 1428; x_wconf 88' lang='lat' dir='ltr'><strong>lex</strong></span> <span class='ocrx_word' id='word_1_59' title='bbox 825 1369 1171 1446; x_wconf 66' lang='lat' dir='ltr'><strong>campestris</strong></span> <span class='ocrx_word' id='word_1_60' title='bbox 1210 1379 1303 1428; x_wconf 89' lang='lat' dir='ltr'><strong>est</strong></span> <span class='ocrx_word' id='word_1_61' title='bbox 1342 1368 1463 1428; x_wconf 82' lang='lat' dir='ltr'><strong>iam</strong></span> <span class='ocrx_word' id='word_1_62' title='bbox 1502 1373 1833 1429; x_wconf 83' lang='lat' dir='ltr'><strong>memorata</strong></span> <span class='ocrx_word' id='word_1_63' title='bbox 1871 1368 2182 1447; x_wconf 73' lang='lat' dir='ltr'><strong>magistriS,</strong></span> 
     </span>
    </p>

    <p class='ocr_par' dir='ltr' id='par_1_9' title="bbox 516 1465 1872 1544">
     <span class='ocr_line' id='line_1_10' title="bbox 516 1465 1872 1544; baseline -0.001 -18"><span class='ocrx_word' id='word_1_64' title='bbox 516 1466 619 1526; x_wconf 94' lang='lat' dir='ltr'><strong>Set</strong></span> <span class='ocrx_word' id='word_1_65' title='bbox 660 1467 765 1544; x_wconf 86' lang='lat' dir='ltr'><strong>qui</strong></span> <span class='ocrx_word' id='word_1_66' title='bbox 806 1467 939 1543; x_wconf 85' lang='lat' dir='ltr'><strong>plus</strong></span> <span class='ocrx_word' id='word_1_67' title='bbox 978 1465 1212 1543; x_wconf 81' lang='lat' dir='ltr'><strong>poterit,</strong></span> <span class='ocrx_word' id='word_1_68' title='bbox 1254 1466 1385 1543; x_wconf 85' lang='lat' dir='ltr'><strong>ipse</strong></span> <span class='ocrx_word' id='word_1_69' title='bbox 1424 1466 1705 1544; x_wconf 79' lang='lat' dir='ltr'><strong>magister</strong></span> <span class='ocrx_word' id='word_1_70' title='bbox 1743 1468 1872 1527; x_wconf 87' lang='lat' dir='ltr'><strong>erit.</strong></span> 
     </span>
    </p>

    <p class='ocr_par' dir='ltr' id='par_1_10' title="bbox 516 1563 2393 1642">
     <span class='ocr_line' id='line_1_11' title="bbox 516 1563 2393 1642; baseline -0.001 -18"><span class='ocrx_word' id='word_1_71' title='bbox 516 1564 575 1624; x_wconf 93' lang='lat' dir='ltr'>N</span> <span class='ocrx_word' id='word_1_72' title='bbox 580 1583 697 1623; x_wconf 89' lang='lat' dir='ltr'><strong>unc</strong></span> <span class='ocrx_word' id='word_1_73' title='bbox 738 1565 930 1625; x_wconf 85' lang='lat' dir='ltr'><strong>clerus</strong></span> <span class='ocrx_word' id='word_1_74' title='bbox 968 1565 1279 1642; x_wconf 87' lang='lat' dir='ltr'><strong>populum,</strong></span> <span class='ocrx_word' id='word_1_75' title='bbox 1322 1564 1581 1641; x_wconf 83' lang='lat' dir='ltr'><strong>populus</strong></span> <span class='ocrx_word' id='word_1_76' title='bbox 1620 1565 1824 1642; x_wconf 82' lang='lat' dir='ltr'><strong>culpat</strong></span> <span class='ocrx_word' id='word_1_77' title='bbox 1863 1581 2110 1642; x_wconf 87' lang='lat' dir='ltr'><strong>quoque</strong></span> <span class='ocrx_word' id='word_1_78' title='bbox 2149 1563 2393 1637; x_wconf 82' lang='lat' dir='ltr'><strong>clerum,</strong></span> 
     </span>
    </p>

    <p class='ocr_par' dir='ltr' id='par_1_11' title="bbox 514 1662 2560 1935">
     <span class='ocr_line' id='line_1_12' title="bbox 516 1662 2560 1740; baseline -0.002 -18"><span class='ocrx_word' id='word_1_79' title='bbox 516 1663 597 1723; x_wconf 91' lang='lat' dir='ltr'><strong>Et</strong></span> <span class='ocrx_word' id='word_1_80' title='bbox 636 1671 841 1724; x_wconf 80' lang='lat' dir='ltr'><strong>tamen</strong></span> <span class='ocrx_word' id='word_1_81' title='bbox 880 1663 945 1722; x_wconf 86' lang='lat' dir='ltr'><strong>in</strong></span> <span class='ocrx_word' id='word_1_82' title='bbox 984 1662 1165 1740; x_wconf 84' lang='lat' dir='ltr'><strong>culpa</strong></span> <span class='ocrx_word' id='word_1_83' title='bbox 1202 1671 1426 1739; x_wconf 84' lang='lat' dir='ltr'><strong>perstat</strong></span> <span class='ocrx_word' id='word_1_84' title='bbox 1465 1672 1714 1740; x_wconf 79' lang='lat' dir='ltr'><strong>vterque</strong></span> <span class='ocrx_word' id='word_1_85' title='bbox 1753 1681 1898 1724; x_wconf 83' lang='lat' dir='ltr'><strong>sua:</strong></span> <span class='ocrx_word' id='word_1_86' title='bbox 2305 1707 2310 1714; x_wconf 84' lang='lat'>.</span> <span class='ocrx_word' id='word_1_87' title='bbox 2459 1681 2560 1734; x_wconf 85' lang='lat'><strong>540</strong></span> 
     </span>
     <span class='ocr_line' id='line_1_13' title="bbox 515 1759 2370 1838; baseline -0.002 -17"><span class='ocrx_word' id='word_1_88' title='bbox 515 1760 765 1822; x_wconf 81' lang='lat' dir='ltr'><strong>Invidus</strong></span> <span class='ocrx_word' id='word_1_89' title='bbox 804 1761 1045 1821; x_wconf 78' lang='lat' dir='ltr'><strong>alterius</strong></span> <span class='ocrx_word' id='word_1_90' title='bbox 1084 1777 1251 1820; x_wconf 78' lang='lat' dir='ltr'><strong>nunc</strong></span> <span class='ocrx_word' id='word_1_91' title='bbox 1290 1760 1493 1838; x_wconf 89' lang='lat' dir='ltr'><strong>culpat</strong></span> <span class='ocrx_word' id='word_1_92' title='bbox 1534 1760 1864 1838; x_wconf 84' lang='lat' dir='ltr'><strong>quemlibet</strong></span> <span class='ocrx_word' id='word_1_93' title='bbox 1903 1759 2066 1833; x_wconf 75' lang='lat' dir='ltr'><strong>alter,</strong></span> <span class='ocrx_word' id='word_1_94' title='bbox 2291 1760 2298 1766; x_wconf 84' lang='grc'><strong>’</strong></span> <span class='ocrx_word' id='word_1_95' title='bbox 2361 1761 2370 1770; x_wconf 86' lang='grc'><em>’</em></span> 
     </span>
     <span class='ocr_line' id='line_1_14' title="bbox 514 1857 2037 1935; baseline 0.001 -18"><span class='ocrx_word' id='word_1_96' title='bbox 514 1857 780 1934; x_wconf 86' lang='lat' dir='ltr'><strong>Parsque</strong></span> <span class='ocrx_word' id='word_1_97' title='bbox 820 1877 997 1918; x_wconf 83' lang='lat' dir='ltr'><strong>suum</strong></span> <span class='ocrx_word' id='word_1_98' title='bbox 1040 1859 1343 1935; x_wconf 84' lang='lat' dir='ltr'><strong>proprium</strong></span> <span class='ocrx_word' id='word_1_99' title='bbox 1384 1859 1549 1918; x_wconf 84' lang='lat' dir='ltr'><strong>nulla</strong></span> <span class='ocrx_word' id='word_1_100' title='bbox 1590 1859 1870 1920; x_wconf 80' lang='lat' dir='ltr'><strong>reformat</strong></span> <span class='ocrx_word' id='word_1_101' title='bbox 1910 1858 2037 1918; x_wconf 89' lang='lat' dir='ltr'><strong>iter.</strong></span> 
     </span>
    </p>

    <p class='ocr_par' dir='ltr' id='par_1_12' title="bbox 512 1955 2050 2034">
     <span class='ocr_line' id='line_1_15' title="bbox 512 1955 2050 2034; baseline 0.001 -19"><span class='ocrx_word' id='word_1_102' title='bbox 512 1955 572 2015; x_wconf 85' lang='lat' dir='ltr'><strong>Si</strong></span> <span class='ocrx_word' id='word_1_103' title='bbox 616 1955 819 2016; x_wconf 81' lang='lat' dir='ltr'><strong>videas</strong></span> <span class='ocrx_word' id='word_1_104' title='bbox 860 1966 1177 2032; x_wconf 66' lang='lat' dir='ltr'><strong>Vtrumque</strong></span> <span class='ocrx_word' id='word_1_105' title='bbox 1218 1965 1459 2027; x_wconf 83' lang='lat' dir='ltr'><strong>statum,</strong></span> <span class='ocrx_word' id='word_1_106' title='bbox 1500 1956 1666 2016; x_wconf 82' lang='lat' dir='ltr'><strong>dices</strong></span> <span class='ocrx_word' id='word_1_107' title='bbox 1704 1957 1850 2034; x_wconf 82' lang='lat' dir='ltr'><strong>quia</strong></span> <span class='ocrx_word' id='word_1_108' title='bbox 1889 1967 2050 2016; x_wconf 83' lang='lat' dir='ltr'><strong>certe</strong></span> 
     </span>
    </p>

    <p class='ocr_par' dir='ltr' id='par_1_13' title="bbox 516 2053 1784 2130">
     <span class='ocr_line' id='line_1_16' title="bbox 516 2053 1784 2130; baseline 0.002 -18"><span class='ocrx_word' id='word_1_109' title='bbox 516 2054 601 2112; x_wconf 89' lang='lat' dir='ltr'><strong>In.</strong></span> <span class='ocrx_word' id='word_1_110' title='bbox 630 2053 862 2130; x_wconf 85' lang='lat' dir='ltr'>magnis</span> <span class='ocrx_word' id='word_1_111' title='bbox 903 2053 1020 2113; x_wconf 77' lang='lat' dir='ltr'><strong>lesi·</strong></span> <span class='ocrx_word' id='word_1_112' title='bbox 1053 2053 1232 2113; x_wconf 86' lang='lat' dir='ltr'><strong>rebus</strong></span> <span class='ocrx_word' id='word_1_113' title='bbox 1272 2063 1519 2130; x_wconf 85' lang='lat' dir='ltr'><strong>vterque</strong></span> <span class='ocrx_word' id='word_1_114' title='bbox 1560 2071 1784 2114; x_wconf 74' lang='lat' dir='ltr'><strong>sumus,</strong></span> 
     </span>
    </p>
   </div>
   <div class='ocr_carea' id='block_1_3' title="bbox 3027 0 3432 1663">
    <p class='ocr_par' dir='ltr' id='par_1_14' title="bbox 3027 0 3432 1663">
     <span class='ocr_line' id='line_1_17' title="bbox 3027 0 3432 1663; baseline 0 0"><span class='ocrx_word' id='word_1_115' title='bbox 3027 0 3432 1663; x_wconf 95' lang='lat' dir='ltr'><strong> </strong></span> 
     </span>
    </p>
   </div>
   <div class='ocr_carea' id='block_1_4' title="bbox 441 2183 2551 3145">
    <p class='ocr_par' dir='ltr' id='par_1_15' title="bbox 441 2183 2551 3145">
     <span class='ocr_line' id='line_1_18' title="bbox 441 2183 2458 2262; baseline -0.002 -16"><span class='ocrx_word' id='word_1_116' title='bbox 441 2251 449 2260; x_wconf 65' lang='grc'><em>,</em></span> <span class='ocrx_word' id='word_1_117' title='bbox 593 2186 774 2246; x_wconf 86' lang='lat' dir='ltr'><strong>Nunc</strong></span> <span class='ocrx_word' id='word_1_118' title='bbox 815 2183 1003 2262; x_wconf 87' lang='lat' dir='ltr'><strong>m&#39;agis</strong></span> <span class='ocrx_word' id='word_1_119' title='bbox 1045 2183 1115 2243; x_wconf 87' lang='lat' dir='ltr'><strong>in</strong></span> <span class='ocrx_word' id='word_1_120' title='bbox 1157 2185 1400 2261; x_wconf 88' lang='lat' dir='ltr'><strong>specie</strong></span> <span class='ocrx_word' id='word_1_121' title='bbox 1440 2203 1573 2246; x_wconf 82' lang='lat' dir='ltr'><strong>vox·</strong></span> <span class='ocrx_word' id='word_1_122' title='bbox 1612 2183 1846 2262; x_wconf 88' lang='lat' dir='ltr'><strong>plebis</strong></span> <span class='ocrx_word' id='word_1_123' title='bbox 1887 2185 2151 2245; x_wconf 85' lang='lat' dir='ltr'><strong>clamat</strong></span> <span class='ocrx_word' id='word_1_124' title='bbox 2193 2183 2458 2261; x_wconf 88' lang='lat' dir='ltr'><strong>vbique</strong></span> 
     </span>
     <span class='ocr_line' id='line_1_19' title="bbox 510 2281 2089 2360; baseline 0 -18"><span class='ocrx_word' id='word_1_125' title='bbox 510 2283 812 2343; x_wconf 88' lang='lat' dir='ltr'><strong>Pectore</strong></span> <span class='ocrx_word' id='word_1_126' title='bbox 850 2281 984 2342; x_wconf 89' lang='lat' dir='ltr'><strong>sub</strong></span> <span class='ocrx_word' id='word_1_127' title='bbox 1027 2283 1279 2342; x_wconf 90' lang='lat' dir='ltr'><strong>timido</strong></span> <span class='ocrx_word' id='word_1_128' title='bbox 1320 2301 1456 2360; x_wconf 91' lang='lat' dir='ltr'><strong>que</strong></span> <span class='ocrx_word' id='word_1_129' title='bbox 1494 2285 1881 2344; x_wconf 86' lang='lat' dir='ltr'><strong>metuenda</strong></span> <span class='ocrx_word' id='word_1_130' title='bbox 1921 2283 2089 2343; x_wconf 86' lang='lat' dir='ltr'><strong>fero.</strong></span> 
     </span>
     <span class='ocr_line' id='line_1_20' title="bbox 509 2381 2145 2457; baseline -0.001 -15"><span class='ocrx_word' id='word_1_131' title='bbox 509 2381 725 2442; x_wconf 84' lang='lat' dir='ltr'><strong>Curia</strong></span> <span class='ocrx_word' id='word_1_132' title='bbox 773 2399 910 2457; x_wconf 88' lang='lat' dir='ltr'><strong>que</strong></span> <span class='ocrx_word' id='word_1_133' title='bbox 953 2381 1175 2440; x_wconf 85' lang='lat' dir='ltr'><strong>maior</strong></span> <span class='ocrx_word' id='word_1_134' title='bbox 1215 2381 1605 2443; x_wconf 88' lang='lat' dir='ltr'><strong>defendere</strong></span> <span class='ocrx_word' id='word_1_135' title='bbox 1647 2381 1802 2441; x_wconf 88' lang='lat' dir='ltr'><strong>iura</strong></span> <span class='ocrx_word' id='word_1_136' title='bbox 1842 2391 2145 2454; x_wconf 88' lang='lat' dir='ltr'><strong>tenetur,</strong></span> 
     </span>
     <span class='ocr_line' id='line_1_21' title="bbox 508 2479 2119 2558; baseline 0.001 -19"><span class='ocrx_word' id='word_1_137' title='bbox 508 2480 717 2539; x_wconf 88' lang='lat' dir='ltr'><strong>Nunc</strong></span> <span class='ocrx_word' id='word_1_138' title='bbox 757 2479 980 2556; x_wconf 85' lang='lat' dir='ltr'>magis</span> <span class='ocrx_word' id='word_1_139' title='bbox 1023 2480 1332 2539; x_wconf 86' lang='lat' dir='ltr'><strong>iniustas</strong></span> <span class='ocrx_word' id='word_1_140' title='bbox 1372 2479 1695 2540; x_wconf 83' lang='lat' dir='ltr'><strong>ambulat</strong></span> <span class='ocrx_word' id='word_1_141' title='bbox 1738 2481 1895 2558; x_wconf 87' lang='lat' dir='ltr'>ipsa</span> <span class='ocrx_word' id='word_1_142' title='bbox 1935 2479 2119 2540; x_wconf 82' lang='lat' dir='ltr'><strong>vias:</strong></span> 
     </span>
     <span class='ocr_line' id='line_1_22' title="bbox 509 2577 2144 2653; baseline 0 -16"><span class='ocrx_word' id='word_1_143' title='bbox 509 2577 802 2637; x_wconf 86' lang='lat' dir='ltr'><strong>Infirmo</strong></span> <span class='ocrx_word' id='word_1_144' title='bbox 843 2577 1085 2653; x_wconf 87' lang='lat' dir='ltr'><strong>capite</strong></span> <span class='ocrx_word' id='word_1_145' title='bbox 1125 2577 1498 2653; x_wconf 87' lang='lat' dir='ltr'><strong>priuantur</strong></span> <span class='ocrx_word' id='word_1_146' title='bbox 1536 2577 1858 2638; x_wconf 81' lang='lat' dir='ltr'><strong>membra</strong></span> <span class='ocrx_word' id='word_1_147' title='bbox 1893 2578 2144 2652; x_wconf 82' lang='lat' dir='ltr'><strong>salute,</strong></span> 
     </span>
     <span class='ocr_line' id='line_1_23' title="bbox 509 2675 2551 2754; baseline -0 -20"><span class='ocrx_word' id='word_1_148' title='bbox 509 2675 667 2734; x_wconf 87' lang='lat' dir='ltr'><strong>Non</strong></span> <span class='ocrx_word' id='word_1_149' title='bbox 710 2683 946 2735; x_wconf 81' lang='lat' dir='ltr'><strong>tamen</strong></span> <span class='ocrx_word' id='word_1_150' title='bbox 986 2685 1095 2735; x_wconf 89' lang='lat' dir='ltr'><strong>est</strong></span> <span class='ocrx_word' id='word_1_151' title='bbox 1134 2675 1458 2736; x_wconf 86' lang='lat' dir='ltr'><strong>medicus</strong></span> <span class='ocrx_word' id='word_1_152' title='bbox 1500 2677 1623 2754; x_wconf 85' lang='lat' dir='ltr'><strong>qui</strong></span> <span class='ocrx_word' id='word_1_153' title='bbox 1664 2676 1878 2736; x_wconf 88' lang='lat' dir='ltr'><strong>modo</strong></span> <span class='ocrx_word' id='word_1_154' title='bbox 1918 2684 2120 2736; x_wconf 83' lang='lat' dir='ltr'><strong>curat</strong></span> <span class='ocrx_word' id='word_1_155' title='bbox 2159 2692 2355 2750; x_wconf 76' lang='lat' dir='ltr'><strong>opuS.</strong></span> <span class='ocrx_word' id='word_1_156' title='bbox 2450 2695 2551 2746; x_wconf 84' lang='lat'><strong>550</strong></span> 
     </span>
     <span class='ocr_line' id='line_1_24' title="bbox 508 2772 2318 2850; baseline 0 -18"><span class='ocrx_word' id='word_1_157' title='bbox 508 2773 637 2832; x_wconf 91' lang='lat' dir='ltr'><strong>Est</strong></span> <span class='ocrx_word' id='word_1_158' title='bbox 679 2772 780 2833; x_wconf 88' lang='lat' dir='ltr'><strong>ita</strong></span> <span class='ocrx_word' id='word_1_159' title='bbox 818 2773 1243 2850; x_wconf 83' lang='lat' dir='ltr'><strong>magnificus</strong></span> <span class='ocrx_word' id='word_1_160' title='bbox 1283 2774 1633 2834; x_wconf 85' lang='lat' dir='ltr'><strong>viciorum</strong></span> <span class='ocrx_word' id='word_1_161' title='bbox 1670 2773 1965 2835; x_wconf 88' lang='lat' dir='ltr'><strong>morbus</strong></span> <span class='ocrx_word' id='word_1_162' title='bbox 2005 2772 2318 2845; x_wconf 46' lang='lat' dir='ltr'><strong>abortu&amp;</strong></span> 
     </span>
     <span class='ocr_line' id='line_1_25' title="bbox 507 2870 2203 2946; baseline 0 -15"><span class='ocrx_word' id='word_1_163' title='bbox 507 2870 720 2946; x_wconf 89' lang='lat' dir='ltr'><strong>Quod</strong></span> <span class='ocrx_word' id='word_1_164' title='bbox 759 2871 950 2931; x_wconf 81' lang='lat' dir='ltr'><strong>valet</strong></span> <span class='ocrx_word' id='word_1_165' title='bbox 990 2889 1333 2932; x_wconf 87' lang='lat' dir='ltr'><strong>excessus</strong></span> <span class='ocrx_word' id='word_1_166' title='bbox 1376 2873 1639 2934; x_wconf 86' lang='lat' dir='ltr'><strong>tollere</strong></span> <span class='ocrx_word' id='word_1_167' title='bbox 1678 2873 1880 2934; x_wconf 76' lang='lat' dir='ltr'><strong>nulla</strong></span> <span class='ocrx_word' id='word_1_168' title='bbox 1919 2889 2203 2932; x_wconf 83' lang='lat' dir='ltr'><strong>manus:</strong></span> 
     </span>
     <span class='ocr_line' id='line_1_26' title="bbox 508 2967 2402 3046; baseline 0 -18"><span class='ocrx_word' id='word_1_169' title='bbox 508 2967 623 3028; x_wconf 93' lang='lat' dir='ltr'><strong>Sic</strong></span> <span class='ocrx_word' id='word_1_170' title='bbox 662 2968 888 3028; x_wconf 87' lang='lat' dir='ltr'><strong>oritur</strong></span> <span class='ocrx_word' id='word_1_171' title='bbox 927 2970 1168 3046; x_wconf 46' lang='lat' dir='ltr'><strong>pesti&amp;</strong></span> <span class='ocrx_word' id='word_1_172' title='bbox 1213 2988 1338 3046; x_wconf 87' lang='lat' dir='ltr'><strong>per</strong></span> <span class='ocrx_word' id='word_1_173' title='bbox 1378 2988 1589 3046; x_wconf 87' lang='lat' dir='ltr'><strong>quam</strong></span> <span class='ocrx_word' id='word_1_174' title='bbox 1630 2971 1822 3030; x_wconf 80' lang='lat' dir='ltr'><strong>iacet</strong></span> <span class='ocrx_word' id='word_1_175' title='bbox 1862 2969 2119 3030; x_wconf 87' lang='lat' dir='ltr'><strong>obruta</strong></span> <span class='ocrx_word' id='word_1_176' title='bbox 2159 2968 2402 3041; x_wconf 88' lang='lat' dir='ltr'><strong>virtus,</strong></span> 
     </span>
     <span class='ocr_line' id='line_1_27' title="bbox 508 3066 2199 3145; baseline -0.001 -18"><span class='ocrx_word' id='word_1_177' title='bbox 508 3066 749 3144; x_wconf 89' lang='lat' dir='ltr'><strong>Surgit</strong></span> <span class='ocrx_word' id='word_1_178' title='bbox 789 3077 857 3126; x_wconf 89' lang='lat' dir='ltr'><strong>et</strong></span> <span class='ocrx_word' id='word_1_179' title='bbox 900 3066 970 3126; x_wconf 84' lang='lat' dir='ltr'><strong>in</strong></span> <span class='ocrx_word' id='word_1_180' title='bbox 1012 3067 1273 3128; x_wconf 87' lang='lat' dir='ltr'><strong>vicium</strong></span> <span class='ocrx_word' id='word_1_181' title='bbox 1316 3068 1437 3145; x_wconf 89' lang='lat' dir='ltr'><strong>qui</strong></span> <span class='ocrx_word' id='word_1_182' title='bbox 1480 3067 1663 3145; x_wconf 83' lang='lat' dir='ltr'><strong>regit</strong></span> <span class='ocrx_word' id='word_1_183' title='bbox 1702 3085 1913 3128; x_wconf 87' lang='lat' dir='ltr'><strong>omne</strong></span> <span class='ocrx_word' id='word_1_184' title='bbox 1956 3067 2199 3128; x_wconf 84' lang='lat' dir='ltr'><strong>forum.</strong></span> 
     </span>
    </p>
   </div>
   <div class='ocr_carea' id='block_1_5' title="bbox 342 3310 2500 4369">
    <p class='ocr_par' dir='ltr' id='par_1_16' title="bbox 342 3310 2500 4369">
     <span class='ocr_line' id='line_1_28' title="bbox 342 3310 1980 3389; baseline 0.001 -19"><span class='ocrx_word' id='word_1_185' title='bbox 342 3312 623 3389; x_wconf 82' lang='lat'><strong>545-580</strong></span> <span class='ocrx_word' id='word_1_186' title='bbox 709 3313 865 3372; x_wconf 84' lang='lat' dir='ltr'><strong>Text</strong></span> <span class='ocrx_word' id='word_1_187' title='bbox 886 3311 1291 3373; x_wconf 92' lang='lat' dir='ltr'>SCEHGDL</span> <span class='ocrx_word' id='word_1_188' title='bbox 1367 3311 1461 3371; x_wconf 89' lang='lat' dir='ltr'><strong>As</strong></span> <span class='ocrx_word' id='word_1_189' title='bbox 1466 3310 1711 3388; x_wconf 76' lang='lat' dir='ltr'><em>fhllows</em></span> <span class='ocrx_word' id='word_1_190' title='bbox 1735 3311 1801 3370; x_wconf 79' lang='lat' dir='ltr'><strong>in</strong></span> <span class='ocrx_word' id='word_1_191' title='bbox 1827 3311 1980 3372; x_wconf 74' lang='lat' dir='ltr'><strong>TH2</strong></span> 
     </span>
     <span class='ocr_line' id='line_1_29' title="bbox 583 3407 2285 3486; baseline -0.002 -16"><span class='ocrx_word' id='word_1_192' title='bbox 583 3409 766 3470; x_wconf 90' lang='lat' dir='ltr'><strong>Nunc</strong></span> <span class='ocrx_word' id='word_1_193' title='bbox 806 3408 995 3486; x_wconf 82' lang='lat' dir='ltr'>magis</span> <span class='ocrx_word' id='word_1_194' title='bbox 1036 3427 1177 3470; x_wconf 88' lang='lat' dir='ltr'><strong>ecce</strong></span> <span class='ocrx_word' id='word_1_195' title='bbox 1219 3408 1395 3469; x_wconf 84' lang='lat' dir='ltr'><strong>refert</strong></span> <span class='ocrx_word' id='word_1_196' title='bbox 1434 3407 1599 3469; x_wconf 88' lang='lat' dir='ltr'><strong>verbi</strong></span> <span class='ocrx_word' id='word_1_197' title='bbox 1640 3408 1952 3469; x_wconf 85' lang='lat' dir='ltr'><strong>clamantis</strong></span> <span class='ocrx_word' id='word_1_198' title='bbox 1993 3408 2074 3468; x_wconf 86' lang='lat' dir='ltr'><strong>ad</strong></span> <span class='ocrx_word' id='word_1_199' title='bbox 2113 3425 2285 3467; x_wconf 87' lang='lat' dir='ltr'><strong>aures</strong></span> 
     </span>
     <span class='ocr_line' id='line_1_30' title="bbox 504 3506 2034 3585; baseline 0 -19"><span class='ocrx_word' id='word_1_200' title='bbox 504 3509 651 3583; x_wconf 87' lang='lat' dir='ltr'><strong>Vox,</strong></span> <span class='ocrx_word' id='word_1_201' title='bbox 697 3518 757 3568; x_wconf 90' lang='lat' dir='ltr'><strong>et</strong></span> <span class='ocrx_word' id='word_1_202' title='bbox 800 3507 862 3567; x_wconf 89' lang='lat' dir='ltr'><strong>in</strong></span> <span class='ocrx_word' id='word_1_203' title='bbox 904 3507 1022 3566; x_wconf 90' lang='lat' dir='ltr'><strong>hoc</strong></span> <span class='ocrx_word' id='word_1_204' title='bbox 1062 3506 1208 3567; x_wconf 89' lang='lat' dir='ltr'><strong>dicit</strong></span> <span class='ocrx_word' id='word_1_205' title='bbox 1249 3516 1520 3585; x_wconf 88' lang='lat' dir='ltr'><strong>tempore</strong></span> <span class='ocrx_word' id='word_1_206' title='bbox 1561 3508 1730 3584; x_wconf 84' lang='lat' dir='ltr'><strong>plura</strong></span> <span class='ocrx_word' id='word_1_207' title='bbox 1770 3517 2034 3583; x_wconf 80' lang='lat' dir='ltr'><strong>granant.</strong></span> 
     </span>
     <span class='ocr_line' id='line_1_31' title="bbox 503 3605 2090 3681; baseline -0.003 -13"><span class='ocrx_word' id='word_1_208' title='bbox 503 3605 748 3668; x_wconf 88' lang='lat' dir='ltr'><strong>Crimen</strong></span> <span class='ocrx_word' id='word_1_209' title='bbox 790 3616 867 3680; x_wconf 89' lang='lat' dir='ltr'><strong>et,</strong></span> <span class='ocrx_word' id='word_1_210' title='bbox 911 3614 976 3666; x_wconf 86' lang='lat' dir='ltr'><strong>vt</strong></span> <span class='ocrx_word' id='word_1_211' title='bbox 1015 3605 1256 3681; x_wconf 84' lang='lat' dir='ltr'><strong>clamat,</strong></span> <span class='ocrx_word' id='word_1_212' title='bbox 1296 3605 1407 3666; x_wconf 84' lang='lat' dir='ltr'><strong>fert</strong></span> <span class='ocrx_word' id='word_1_213' title='bbox 1448 3605 1641 3666; x_wconf 81' lang='lat' dir='ltr'><strong>maius</strong></span> <span class='ocrx_word' id='word_1_214' title='bbox 1681 3605 1846 3665; x_wconf 80' lang='lat' dir='ltr'><strong>curia</strong></span> <span class='ocrx_word' id='word_1_215' title='bbox 1885 3605 2090 3678; x_wconf 86' lang='lat' dir='ltr'><strong>maior,</strong></span> 
     </span>
     <span class='ocr_line' id='line_1_32' title="bbox 501 3701 1927 3782; baseline 0.001 -20"><span class='ocrx_word' id='word_1_216' title='bbox 501 3704 639 3778; x_wconf 90' lang='lat' dir='ltr'><strong>Que</strong></span> <span class='ocrx_word' id='word_1_217' title='bbox 682 3705 835 3764; x_wconf 86' lang='lat' dir='ltr'><strong>foret</strong></span> <span class='ocrx_word' id='word_1_218' title='bbox 874 3703 1207 3776; x_wconf 86' lang='lat' dir='ltr'><strong>instructor,</strong></span> <span class='ocrx_word' id='word_1_219' title='bbox 1252 3701 1483 3781; x_wconf 87' lang='lat' dir='ltr'><strong>legibus</strong></span> <span class='ocrx_word' id='word_1_220' title='bbox 1524 3712 1685 3764; x_wconf 83' lang='lat' dir='ltr'><strong>extat</strong></span> <span class='ocrx_word' id='word_1_221' title='bbox 1726 3721 1927 3782; x_wconf 78' lang='lat' dir='ltr'><strong>egenS.</strong></span> 
     </span>
     <span class='ocr_line' id='line_1_33' title="bbox 498 3799 2348 3879; baseline -0.001 -20"><span class='ocrx_word' id='word_1_222' title='bbox 498 3800 599 3859; x_wconf 86' lang='lat' dir='ltr'><strong>Ad</strong></span> <span class='ocrx_word' id='word_1_223' title='bbox 639 3819 963 3860; x_wconf 87' lang='lat' dir='ltr'><strong>commune</strong></span> <span class='ocrx_word' id='word_1_224' title='bbox 1003 3800 1233 3877; x_wconf 80' lang='lat' dir='ltr'><strong>bonurn</strong></span> <span class='ocrx_word' id='word_1_225' title='bbox 1276 3821 1399 3862; x_wconf 90' lang='lat' dir='ltr'><strong>non</strong></span> <span class='ocrx_word' id='word_1_226' title='bbox 1442 3811 1535 3862; x_wconf 88' lang='lat' dir='ltr'><strong>est</strong></span> <span class='ocrx_word' id='word_1_227' title='bbox 1578 3799 1847 3879; x_wconf 83' lang='lat' dir='ltr'><strong>(modo)</strong></span> <span class='ocrx_word' id='word_1_228' title='bbox 1890 3801 2091 3878; x_wconf 85' lang='lat' dir='ltr'><strong>lingua</strong></span> <span class='ocrx_word' id='word_1_229' title='bbox 2131 3799 2348 3872; x_wconf 85' lang='lat' dir='ltr'><strong>locuta,</strong></span> 
     </span>
     <span class='ocr_line' id='line_1_34' title="bbox 499 3899 2500 3978; baseline -0.001 -20"><span class='ocrx_word' id='word_1_230' title='bbox 499 3899 701 3958; x_wconf 89' lang='lat' dir='ltr'><strong>Immo</strong></span> <span class='ocrx_word' id='word_1_231' title='bbox 740 3899 889 3975; x_wconf 89' lang='lat' dir='ltr'><strong>petit</strong></span> <span class='ocrx_word' id='word_1_232' title='bbox 930 3899 1152 3976; x_wconf 82' lang='lat' dir='ltr'><strong>proprii</strong></span> <span class='ocrx_word' id='word_1_233' title='bbox 1192 3899 1515 3960; x_wconf 89' lang='lat' dir='ltr'><strong>commoda</strong></span> <span class='ocrx_word' id='word_1_234' title='bbox 1555 3901 1812 3978; x_wconf 89' lang='lat' dir='ltr'><strong>quisque</strong></span> <span class='ocrx_word' id='word_1_235' title='bbox 1852 3899 2018 3959; x_wconf 89' lang='lat' dir='ltr'><strong>lucri.</strong></span> <span class='ocrx_word' id='word_1_236' title='bbox 2403 3919 2500 3970; x_wconf 84' lang='lat'><strong>550</strong></span> 
     </span>
     <span class='ocr_line' id='line_1_35' title="bbox 468 3995 1982 4085; baseline 0.001 -31"><span class='ocrx_word' id='word_1_237' title='bbox 468 3996 737 4085; x_wconf 28' lang='lat' dir='ltr'><strong>‘Agmen</strong></span> <span class='ocrx_word' id='word_1_238' title='bbox 776 3995 1127 4056; x_wconf 84' lang='lat' dir='ltr'><strong>adulantum</strong></span> <span class='ocrx_word' id='word_1_239' title='bbox 1172 3997 1371 4058; x_wconf 87' lang='lat' dir='ltr'><strong>media</strong></span> <span class='ocrx_word' id='word_1_240' title='bbox 1412 3998 1684 4075; x_wconf 86' lang='lat' dir='ltr'><strong>procedit</strong></span> <span class='ocrx_word' id='word_1_241' title='bbox 1727 3997 1789 4056; x_wconf 90' lang='lat' dir='ltr'><strong>in</strong></span> <span class='ocrx_word' id='word_1_242' title='bbox 1829 3997 1982 4070; x_wconf 87' lang='lat' dir='ltr'><strong>aula,</strong></span> 
     </span>
     <span class='ocr_line' id='line_1_36' title="bbox 497 4092 1771 4171; baseline 0.002 -18"><span class='ocrx_word' id='word_1_243' title='bbox 497 4093 805 4171; x_wconf 88' lang='lat' dir='ltr'><strong>Quodque</strong></span> <span class='ocrx_word' id='word_1_244' title='bbox 845 4092 1013 4154; x_wconf 88' lang='lat' dir='ltr'><strong>iubet</strong></span> <span class='ocrx_word' id='word_1_245' title='bbox 1053 4093 1195 4168; x_wconf 82' lang='lat' dir='ltr'><strong>fieri,</strong></span> <span class='ocrx_word' id='word_1_246' title='bbox 1239 4095 1403 4155; x_wconf 89' lang='lat' dir='ltr'><strong>curia</strong></span> <span class='ocrx_word' id='word_1_247' title='bbox 1440 4096 1602 4158; x_wconf 89' lang='lat' dir='ltr'><strong>cedit</strong></span> <span class='ocrx_word' id='word_1_248' title='bbox 1642 4096 1771 4156; x_wconf 70' lang='grc' dir='ltr'><strong>εἰει</strong></span> 
     </span>
     <span class='ocr_line' id='line_1_37' title="bbox 496 4190 1929 4270; baseline 0 -18"><span class='ocrx_word' id='word_1_249' title='bbox 496 4192 599 4252; x_wconf 91' lang='lat' dir='ltr'><strong>Set</strong></span> <span class='ocrx_word' id='word_1_250' title='bbox 641 4190 746 4268; x_wconf 87' lang='lat' dir='ltr'><strong>qui</strong></span> <span class='ocrx_word' id='word_1_251' title='bbox 786 4210 924 4252; x_wconf 88' lang='lat' dir='ltr'><strong>vera</strong></span> <span class='ocrx_word' id='word_1_252' title='bbox 964 4191 1128 4269; x_wconf 89' lang='lat' dir='ltr'><strong>loqui</strong></span> <span class='ocrx_word' id='word_1_253' title='bbox 1168 4203 1535 4270; x_wconf 89' lang='lat' dir='ltr'><strong>presumunt,</strong></span> <span class='ocrx_word' id='word_1_254' title='bbox 1580 4193 1743 4252; x_wconf 89' lang='lat' dir='ltr'><strong>curia</strong></span> <span class='ocrx_word' id='word_1_255' title='bbox 1783 4192 1929 4252; x_wconf 84' lang='lat' dir='ltr'><strong>tales</strong></span> 
     </span>
     <span class='ocr_line' id='line_1_38' title="bbox 406 4289 1841 4369; baseline 0 -19"><span class='ocrx_word' id='word_1_256' title='bbox 406 4356 413 4366; x_wconf 55' lang='grc'>,</span> <span class='ocrx_word' id='word_1_257' title='bbox 496 4290 689 4364; x_wconf 88' lang='lat' dir='ltr'><strong>Pellit,</strong></span> <span class='ocrx_word' id='word_1_258' title='bbox 733 4300 795 4350; x_wconf 90' lang='lat' dir='ltr'><strong>et</strong></span> <span class='ocrx_word' id='word_1_259' title='bbox 834 4291 914 4351; x_wconf 86' lang='lat' dir='ltr'><strong>ad</strong></span> <span class='ocrx_word' id='word_1_260' title='bbox 955 4289 1107 4369; x_wconf 89' lang='lat' dir='ltr'><strong>regis</strong></span> <span class='ocrx_word' id='word_1_261' title='bbox 1149 4309 1275 4350; x_wconf 86' lang='lat' dir='ltr'><strong>non</strong></span> <span class='ocrx_word' id='word_1_262' title='bbox 1316 4291 1455 4350; x_wconf 88' lang='lat' dir='ltr'><strong>sinit</strong></span> <span class='ocrx_word' id='word_1_263' title='bbox 1496 4309 1629 4352; x_wconf 85' lang='lat' dir='ltr'><strong>esse</strong></span> <span class='ocrx_word' id='word_1_264' title='bbox 1671 4292 1841 4351; x_wconf 84' lang='lat' dir='ltr'><strong>latus.</strong></span> 
     </span>
    </p>
   </div>
   <div class='ocr_carea' id='block_1_6' title="bbox 2505 3897 2536 3930">
    <p class='ocr_par' dir='ltr' id='par_1_17' title="bbox 2505 3897 2536 3930">
     <span class='ocr_line' id='line_1_39' title="bbox 2505 3897 2536 3930; baseline 0 -6"><span class='ocrx_word' id='word_1_265' title='bbox 2505 3897 2536 3930; x_wconf 70' lang='grc'>*</span> 
     </span>
    </p>
   </div>
   <div class='ocr_carea' id='block_1_7' title="bbox 463 4453 2411 4602">
    <p class='ocr_par' dir='ltr' id='par_1_18' title="bbox 463 4453 2411 4602">
     <span class='ocr_line' id='line_1_40' title="bbox 464 4453 1542 4520; baseline 0.005 -19"><span class='ocrx_word' id='word_1_266' title='bbox 464 4455 563 4515; x_wconf 83' lang='grc'><strong>536</strong></span> <span class='ocrx_word' id='word_1_267' title='bbox 584 4455 799 4504; x_wconf 78' lang='lat' dir='ltr'><strong>vlterius</strong></span> <span class='ocrx_word' id='word_1_268' title='bbox 823 4453 917 4505; x_wconf 87' lang='lat' dir='ltr'><strong>SH</strong></span> <span class='ocrx_word' id='word_1_269' title='bbox 945 4453 1004 4520; x_wconf 89' lang='lat' dir='ltr'><strong>(v</strong></span> <span class='ocrx_word' id='word_1_270' title='bbox 1026 4454 1195 4518; x_wconf 69' lang='lat' dir='ltr'><strong>mdy</strong></span> <span class='ocrx_word' id='word_1_271' title='bbox 1214 4454 1387 4505; x_wconf 79' lang='lat' dir='ltr'><strong>emsed</strong></span> <span class='ocrx_word' id='word_1_272' title='bbox 1402 4454 1455 4504; x_wconf 68' lang='grc' dir='ltr'><strong>ἐκ</strong></span> <span class='ocrx_word' id='word_1_273' title='bbox 1478 4455 1542 4520; x_wconf 89' lang='lat' dir='ltr'><strong>S)</strong></span> 
     </span>
     <span class='ocr_line' id='line_1_41' title="bbox 463 4533 2411 4602; baseline -0.001 -14"><span class='ocrx_word' id='word_1_274' title='bbox 463 4537 591 4600; x_wconf 75' lang='lat'><strong>545*</strong></span> <span class='ocrx_word' id='word_1_275' title='bbox 624 4537 788 4601; x_wconf 78' lang='lat' dir='ltr'>magis</span> <span class='ocrx_word' id='word_1_276' title='bbox 810 4553 912 4588; x_wconf 86' lang='lat' dir='ltr'><strong>om.</strong></span> <span class='ocrx_word' id='word_1_277' title='bbox 934 4538 980 4588; x_wconf 88' lang='lat' dir='ltr'>T</span> <span class='ocrx_word' id='word_1_278' title='bbox 1196 4536 1325 4601; x_wconf 74' lang='grc'><strong>549*</strong></span> <span class='ocrx_word' id='word_1_279' title='bbox 1346 4539 1499 4588; x_wconf 87' lang='lat' dir='ltr'><strong>modo</strong></span> <span class='ocrx_word' id='word_1_280' title='bbox 1528 4554 1632 4588; x_wconf 87' lang='lat' dir='ltr'><strong>om.</strong></span> <span class='ocrx_word' id='word_1_281' title='bbox 1656 4537 1779 4588; x_wconf 56' lang='grc' dir='ltr'><strong>ΤΗ,</strong></span> <span class='ocrx_word' id='word_1_282' title='bbox 1974 4536 2102 4602; x_wconf 69' lang='grc' dir='ltr'><strong>55ο““ι</strong></span> <span class='ocrx_word' id='word_1_283' title='bbox 2135 4536 2312 4586; x_wconf 84' lang='lat' dir='ltr'><strong>iubent</strong></span> <span class='ocrx_word' id='word_1_284' title='bbox 2336 4533 2411 4586; x_wconf 70' lang='lat' dir='ltr'><strong>Ha</strong></span> 
     </span>
    </p>
   </div>
  </div>
 </body>
</html>
