3434 5142
1135 474 1421 540 LIBER
1477 476 1951 541 SEPTIMUS
2518 496 2639 559 295

606 636 671 696 Si
712 635 992 696 didicisse
1031 635 1262 697 bonum
1301 635 1609 713 potuisset,
1653 637 1774 695 iam
1816 638 1979 696 scola
2018 636 2181 698 nulla

608 734 838 795 Reddit
879 753 1020 795 eum
1060 735 1325 807 doctum,
1367 752 1492 811 quo
1531 735 1720 813 magis
1762 734 1891 811 ipse
1930 735 2084 811 sapit

607 832 775 907 Quid
815 833 890 892 sit
929 833 1010 893 de
1049 850 1243 893 rerum
1284 832 1586 909 dampno:
1647 832 1803 893 valet
1842 832 1971 909 ipse
2008 833 2241 893 dierum

605 928 844 989 Perdita
885 930 1002 989 iam
1045 930 1186 989 flere
1227 939 1496 1007 tempora
1535 930 1714 1006 longa
1754 930 1949 989 nimis.

605 1027 813 1104 Nuper
851 1027 915 1086 in
957 1028 1208 1087 ecclesia
1247 1028 1524 1105 rogitauit
1563 1046 1711 1101 rare,
1758 1037 1849 1089 set
1888 1028 2031 1089 inde

604 1124 736 1184 Iam
773 1126 986 1202 'nequit
1025 1126 1254 1199 auferri,
1300 1125 1385 1184 n'il
1425 1134 1628 1185 tamen
1673 1126 1801 1202 ipse
1840 1134 2024 1203 rogat.
2542 1138 2571 1187 8
2578 1150 2641 1200 30

602 1222 846 1282 Semina
885 1223 989 1299 qui
1031 1240 1207 1299 pasce
1247 1222 1472 1299 spersit‚
1516 1241 1695 1300 parce
1737 1232 1923 1283 metet
1965 1224 2132 1299 ipse3

597 1319 789 1395 Quod
829 1338 1020 1397 nuper
1060 1319 1274 1398 potuit,
1315 1320 1440 1381 vult
1479 1321 1684 1395 modo,
1729 1320 1975 1399 quando
2016 1318 2241 1399 nequit.

438 1534 627 1679 Gulliic
685 1536 961 1607 loquitur
1027 1537 1107 1595 de
1174 1538 1458 1608 corporis
1523 1520 1757 1595 mortui
1826 1538 2235 1609 corrupcione
2302 1535 2639 1595 secundum
2687 1569 2695 1579 ·

557 1638 679 1680 am.
1085 1650 1090 1655 ·

235 1743 431 1820 Capu.
463 1745 599 1806 xiiii.
725 1746 830 1806 Nil
869 1746 1023 1825 gula,
1067 1765 1186 1825 que
1227 1748 1460 1808 dudum
1499 1748 1688 1807 fuerat
1728 1746 1844 1807 sibi
1885 1747 2201 1822 cotidiana,

601 1844 878 1921 Amplius
920 1846 983 1905 in
1023 1856 1247 1915 ventre,
1289 1848 1378 1905 set
1421 1862 1534 1905 nec
1575 1846 1636 1905 in
1678 1863 1783 1905 ore
1824 1846 2053 1921 placet:

599 1942 848 2002 Viscera
886 1960 1006 2019 que
1046 1960 1246 2019 pressa
1287 1941 1518 2001 fuerant
1557 1943 1846 2020 grauitate
1886 1941 2173 2016 ciborum,

601 2038 909 2099 Euacuata
949 2038 1135 2101 modo
1176 2038 1262 2099 nil
1302 2039 1555 2099 retinere
1597 2049 1843 2117 queunt.

599 2135 878 2196 Gustauit
918 2136 1146 2213 species
1188 2146 1249 2197 et
1288 2136 1488 2197 dulcia
1526 2136 1666 2195 vina
1707 2133 1970 2210 bibebat,

601 2234 843 2293 Horum
884 2242 1144 2310 suntque
1185 2234 1322 2294 loco
1361 2244 1620 2294 stercora
1661 2234 1843 2293 mixta
1882 2235 2045 2296 luto:

603 2330 750 2390 Eius
792 2331 854 2389 in
896 2330 1216 2403 vmbiculo,
1261 2348 1369 2391 sua
1409 2350 1534 2409 quo
1573 2332 1878 2409 pinguedo
1919 2331 2159 2407 latebat,

601 2429 733 2489 Iam
775 2428 966 2488 latitat
1003 2446 1264 2505 serpens,
1311 2429 1412 2507 qui
1455 2446 1564 2489 sua
1603 2447 1801 2489 crassa
1840 2440 2042 2491 vorat:
2445 2416 2454 2426 ⁸
2542 2446 2640 2506 840

599 2525 738 2588 Olla
777 2527 868 2586 sui
911 2527 1148 2600 ventris,
1193 2544 1313 2604 que
1353 2526 1601 2605 parturit
1641 2526 2008 2602 ebrietatem,

601 2623 936 2702 Rumpitur,
982 2634 1044 2684 et
1083 2622 1232 2685 bufo
1270 2626 1522 2702 gutturis
1563 2634 1733 2684 antra
1774 2634 1956 2685 tenet.

598 2722 756 2782 Esca
799 2721 912 2784 sibi
954 2722 1184 2783 dudum
1227 2722 1504 2783 redolens
1545 2722 1731 2783 nichil
1770 2722 2057 2785 ammodo
2098 2725 2346 2798 confert,

598 2819 872 2896 Occupat
912 2836 988 2879 en
1031 2838 1204 2881 nares
1245 2820 1382 2881 feda
1423 2820 1678 2897 putredo
1720 2838 1893 2881 suas:

598 2917 872 2993 Crapula,
917 2935 1037 2996 que
1077 2935 1269 2994 nuper
1309 2916 1529 2978 ieiunia
1572 2918 1736 2977 nulla
1777 2918 2021 2991 subiuit‚

603 3015 733 3075 Iam
773 3025 949 3091 rupto
989 3014 1302 3075 stomacho
1343 3014 1525 3074 sentit
1564 3014 1627 3073 in
1668 3033 1772 3075 ore
1813 3015 2013 3075 nichil.

505 3228 624 3283 Hic
681 3227 960 3297 loquitur
1017 3228 1098 3282 de
1163 3226 1448 3297 corporis
1513 3226 1745 3281 mortui
1817 3228 2225 3297 corrupcione
2300 3231 2639 3285 secundum

431 3316 784 3373 Luxuriam.

237 3444 434 3519 Capm.
462 3459 552 3499 xv.
677 3437 736 3500 O
777 3436 881 3515 qui
922 3436 1150 3496 luxurie
1187 3434 1407 3495 vicium
1449 3444 1573 3495 tam
1614 3433 1793 3495 dulce
1832 3434 2096 3513 putabat,

598 3536 732 3596 Iam
773 3543 981 3611 sugget
1020 3550 1263 3610 serpens
1305 3532 1576 3593 membra
1615 3534 1903 3609 pudenda
1942 3552 2067 3594 sua.

594 3632 870 3710 Amplius
911 3633 1138 3692 incaste
1177 3650 1303 3693 non
1344 3631 1552 3691 circuit
1593 3631 1694 3691 ille
1736 3632 2001 3708 lupanar,

596 3733 655 3791 N
659 3750 730 3791 ec
773 3748 986 3791 manus
1025 3731 1088 3790 in
1131 3739 1294 3789 tactu
1335 3728 1474 3789 feda
1513 3722 1749 3807 placere
1789 3730 1981 3791 valet:
2536 3742 2635 3807 850

595 3831 740 3889 Non
780 3829 936 3889 valet
976 3846 1050 3888 ex
1088 3828 1277 3888 oculis
1317 3828 1486 3887 vultu
1525 3827 1784 3887 similare
1822 3828 2077 3904 procaci,

596 3930 893 3987 Prouocet
934 3920 996 3987 v't
1036 3925 1278 4000 fatuam,
1323 3943 1449 4005 quo
1487 3925 1674 4002 magis
1716 3926 1849 4001 ipsa
1889 3926 2069 3985 fauet.

598 4024 850 4087 Cantica
890 4024 1223 4099 composita
1250 4024 1502 4083 Veneris
1543 4040 1819 4082 sermone
1860 4023 2071 4083 dolosa

598 4122 759 4184 Cum
800 4121 1144 4181 iuramentis
1184 4121 1472 4181 ammodo
1513 4120 1677 4179 nulla
1716 4120 1926 4181 iuuant
1943 4140 1964 4195 3

599 4221 709 4280 Est
749 4217 864 4280 sibi
907 4218 990 4279 nil
1031 4228 1258 4293 cantus,
1305 4216 1488 4277 nichil
1527 4230 1630 4277 aut
1671 4218 1940 4295 peditare
1978 4220 2185 4292 (τοι-εἰς,

597 4319 758 4379 Nam
799 4317 914 4379 sibi
953 4327 1156 4397 guttur
1193 4316 1380 4390 abest,
1426 4333 1533 4394 pes
1576 4333 1773 4395 neque
1814 4316 2045 4377 substat
2085 4318 2155 4379 ei.

1129 4449 1228 4512 ⁸43
1261 4443 1506 4499 redolens·-
1526 4446 1718 4499 dudum
1742 4445 1945 4497 cuno
