3434 5142
837 441 963 521 256

1535 432 1733 499 VOX
1790 430 2173 500 CLAMAN
2180 432 2331 499 TIS

1005 598 1021 629 ‘
1045 597 1290 673 Accipe,
1331 596 1472 671 rex,’
1514 596 1729 673 inquit,
1773 598 1791 627 ‘
1812 610 1937 673 quo
1978 595 2231 656 consilio
2272 604 2446 673 potes
2488 595 2612 657 vti:

1001 695 1166 755 Non·
1187 695 1370 755 vincit
1411 694 1666 771 populus
1707 693 1933 755 viribus
1972 694 2071 754 ille
2110 694 2274 769 suis3

1002 792 1202 853 Immo
1242 792 1504 853 colendo
1541 792 1727 853 deum
1766 806 2104 870 corpusque
2143 792 2407 869 gerendo
2446 792 2751 869 pudicum,

1001 890 1258 951 Vincere
1297 908 1536 968 semper
1573 889 1759 951 habet
1796 890 1901 949 ille
1936 906 2045 967 per
2084 890 2197 950 ista
2238 890 2379 950 duo.
2941 881 3073 951 '880'

893 1022 902 1027 -
999 990 1084 1049 Vt
1123 1006 1365 1067 superes
1407 989 1574 1049 illum
1616 1006 1743 1049 non
1786 990 1985 1049 Marte
2024 997 2116 1048 set
2156 996 2300 1055 arte,
2341 988 2567 1065 puellas

1001 1087 1190 1165 Elige,
1234 1106 1382 1165 quas
1424 1096 1596 1148 ornat
1636 1086 1819 1147 vestis
1859 1096 1923 1147 et
1960 1086 2079 1147 oris
2120 1086 2355 1161 honor-3

1000 1188 1142 1263 Que
1179 1185 1460 1246 manibus
1497 1185 1803 1263 plaudant,
1847 1184 2003 1261 pede
2043 1182 2269 1258 ludant,
2314 1182 2593 1245 noctibus
2633 1184 2835 1263 ignem

953 1277 969 1287 ’
1002 1284 1255 1362 Spirant,
1300 1284 1523 1363 plectra
1561 1294 1783 1361 gerant,
1824 1292 1984 1343 astra
2024 1282 2245 1343 decore
2286 1292 2595 1360 premantt

1001 1383 1147 1442 Non
1185 1383 1342 1459 rigor
1379 1399 1680 1442 armorum
1722 1390 1813 1441 set
1854 1381 2018 1440 lusus
2058 1390 2285 1458 pugnet
2324 1399 2614 1454 amorum,

1001 1480 1146 1540 Non
1185 1497 1404 1539 acuum
1443 1478 1678 1552 sermm,
1723 1488 1814 1539 set
1853 1478 2147 1541 muliebre
2183 1478 2412 1539 forum:

1001 1576 1104 1638 Sic
1141 1577 1372 1654 species
1411 1576 1610 1637 vincat
1647 1575 1829 1650 acies,
1870 1578 1959 1636 sic
1997 1594 2167 1636 arma
2203 1577 2462 1637 virorum

1003 1676 1224 1737 Forma
1261 1674 1590 1753 puellarum
1632 1672 1751 1735 sub
1790 1674 1945 1751 pede
1984 1675 2141 1735 victa
2180 1683 2351 1735 terat.

1001 1772 1255 1835 Celestis
1297 1773 1384 1834 sic
1424 1773 1510 1832 ira
1551 1773 1650 1833 dei
1691 1783 2012 1850 consurget
2051 1772 2115 1831 in
2159 1772 2309 1845 illos,

1001 1870 1101 1933 Sic
1140 1871 1330 1932 victor
1369 1871 1574 1949 populi
1615 1871 1735 1932 leta
1774 1872 2029 1947 trophea
2066 1870 2259 1930 feres!
2943 1880 3053 1945 890

1083 1970 1218 2031 Rex
1257 1969 1376 2030 hoc
1415 1969 1736 2030 consilium
1776 1968 2029 2030 credens
2068 1968 2237 2029 dedit
2276 1984 2427 2042 esse,
2468 1967 2695 2045 puellas

1001 2067 1282 2145 Preparat
1324 2066 1584 2145 insignes
1624 2067 2005 2145 sidereasque
2030 2082 2251 2143 genas:

1002 2164 1195 2226 Prelia
1235 2163 1383 2225 mira
1423 2175 1606 2242 parat,
1649 2180 1792 2224 arcu
1834 2182 1959 2225 non
1999 2172 2163 2224 arcet
2204 2161 2501 2237 Hebreos,

1001 2263 1148 2323 Non
1189 2262 1323 2324 ferit
1362 2264 1476 2325 bos
1515 2264 1672 2323 ferro
1712 2280 1827 2325 nec
1865 2262 2143 2323 feriendo
2181 2262 2347 2339 fugat
2365 2284 2385 2323 τ

1003 2363 1238 2439 Pugnat
1277 2379 1402 2421 non
1443 2361 1713 2438 equiturn
1756 2361 1971 2435 loricis,
2014 2370 2107 2421 set
2146 2378 2261 2420 nec
2301 2378 2595 2439 equorum

1003 2459 1191 2533 Loris,
1236 2459 1426 2519 immo
1465 2460 1586 2519 liris
1626 2458 2021 2537 femineisque
2058 2458 2275 2519 choris.

1007 2558 1146 2618 Hec
1185 2557 1364 2631 canit,
1409 2557 1522 2617 hec
1561 2557 1731 2631 ludit,
1776 2556 1890 2618 hec
1930 2557 2178 2617 adiuuat
2216 2566 2345 2617 arte
2382 2556 2679 2631 decorem,

1001 2654 1088 2714 Vt
1126 2653 1370 2732 gemino
1408 2654 1577 2713 vultu
1619 2654 1784 2715 fallat
1824 2654 1887 2714 in
1929 2672 2033 2716 ore
2074 2654 2301 2729 decor;

1003 2754 1119 2814 Per
1158 2751 1372 2812 faciem
1413 2752 1552 2813 iacit
1593 2752 1706 2812 ista
1745 2752 1957 2827 facem,
2000 2752 2187 2814 vomit
2227 2753 2345 2814 bec
2382 2770 2491 2830 per
2529 2752 2753 2813 ocellos

1003 2849 1280 2925 Sintillas,
1327 2850 1548 2928 profert
1588 2850 1688 2909 illa
1728 2866 1834 2926 per
1873 2868 1977 2910 ora
2013 2849 2225 2911 fauos:
2941 2874 3047 2927 900

1005 2949 1146 3009 Hee
1185 2948 1414 3025 species
1453 2947 1688 3009 animos
1730 2947 2053 3025 predantur
2092 2948 2290 3025 plebis
2330 2948 2618 3026 Hebree3

1003 3047 1282 3120 Peccant‚
1325 3056 1644 3123 peccantes
1685 3046 1970 3123 opprimit
2010 3047 2095 3105 ira
2135 3046 2252 3107 dei.

1084 3144 1219 3205 Rex
1259 3144 1368 3205 tibi
1409 3162 1582 3205 sume
1620 3156 1847 3217 nomm,
1890 3162 2074 3222 quam
2112 3154 2177 3205 te
2216 3146 2397 3205 docet
2434 3145 2925 3223 experimentum,

1003 3240 1085 3299 Et
1123 3252 1294 3302 vetus
1333 3242 1674 3319 exemplum
1716 3241 1821 3303 det
1860 3241 1971 3303 tibi
2012 3242 2166 3303 scire
2202 3243 2471 3303 modum.

1004 3338 1156 3414 Rex,
1198 3349 1259 3399 et
1300 3339 1362 3399 in
1403 3340 1692 3417 exemplis
1732 3340 1887 3418 regis
1925 3358 2221 3400 conoerne
2262 3340 2473 3415 Saiiiis,

1003 3436 1254 3497 Femina
1293 3437 1442 3498 dum
1483 3448 1775 3515 superest,
1813 3438 2012 3515 qualia
2052 3438 2201 3498 mira
2240 3449 2443 3515 potest
2464 3458 2485 3500 ε

1003 3533 1300 3595 Demonis
1340 3544 1466 3595 arte
1505 3544 1722 3613 potens
1764 3536 1948 3613 Maga
1988 3536 2235 3596 suscitat
2276 3536 2377 3597 illa
2416 3538 2791 3615 prophetam,

1001 3630 1188 3709 Regis
1227 3640 1292 3693 et
1328 3632 1410 3692 ad
1449 3642 1664 3693 nutum
1705 3642 1862 3693 stare
1898 3633 2096 3711 coegit
2136 3650 2299 3694 eum·

1002 3728 1272 3807 Corpora
1312 3747 1433 3807 que
1472 3740 1708 3807 poterat
1745 3730 1861 3791 sibi
1902 3728 2161 3792 subdere
2200 3741 2454 3804 mortua,
2496 3733 2667 3794 viuos

1003 3826 1150 3888 Arte
1190 3828 1376 3907 magis
1418 3828 1574 3889 facili
1616 3828 1905 3890 subderet
1941 3830 2043 3890 illa
2081 3830 2259 3891 viros.
2942 3853 3045 3907 910

1003 3924 1128 4000 Qui
1168 3926 1542 4003 premunitur
1580 3943 1707 3987 non
1748 3926 1981 4001 fallimr,
2024 3944 2168 4005 ergo
2207 3928 2549 3989 cauendum

1005 4022 1116 4083 Est
1142 4022 1268 4097 tibi,
1313 4041 1435 4099 rex,
1475 4040 1698 4102 corpus
1734 4034 1799 4085 vt
1839 4026 1971 4087 sine
2008 4024 2151 4086 labe
2188 4044 2375 4105 regas„

1004 4120 1140 4181 Rex
1181 4138 1264 4193 es,
1307 4122 1514 4199 regina
1555 4124 1704 4185 satis
1740 4132 1831 4185 est
1869 4122 1987 4184 tibi
2022 4123 2245 4185 sufficit
2280 4142 2403 4185 vna
2418 4146 2440 4200 ς

1005 4218 1189 4278 Hanc
1231 4218 1342 4279 tibi
1381 4220 1711 4295 consocies,
1758 4221 1845 4281 sic
1884 4222 2066 4282 docet
2105 4222 2265 4285 alma
2306 4223 2498 4285 fides:

993 4418 1094 4481 890
1126 4417 1252 4484 leta]
1277 4414 1414 4469 victa
1434 4418 1479 4469 C
1675 4420 1778 4484 894
1812 4420 1981 4487 fugat]
2006 4421 2130 4472 furit
2150 4420 2297 4473 CER
2496 4424 2599 4488 899
2630 4424 2766 4475 iacet
2786 4424 2878 4475 SD
