3434 5142
1212 441 1501 506 LIBER
1556 441 1926 508 SEXTUS

2545 467 2668 528 237

531 615 673 682 Hic,
703 617 983 685 loquitur
1032 618 1309 687 qualiter
1366 620 1479 676 icti
1536 620 1838 676 muaidici
1891 625 1959 676 et
2015 622 2174 677 iuri·
2228 622 2542 688 aduocati,
2600 624 2668 678 in

458 719 581 758 sua
640 704 957 772 gradatim
1017 707 1441 764 ascendente·
1498 709 1826 776 facultate,
1885 709 2238 779 Iudieisque
2297 711 2667 780 aspirantes

460 791 745 856 officinm,
778 792 1090 850 iudicialis
1120 795 1267 852 colii
1301 795 1559 852 tandem
1595 811 1896 856 cacumen
1929 799 2289 866 attingunts
2336 800 2450 856 vbi
2485 799 2668 867 quasi

459 879 528 933 in
576 879 883 936 cathedra
938 883 1320 951 peetelencie
1374 884 1691 950 cedentes,
1747 887 2009 940 maiori·
2063 887 2339 943 auat-ieie
2395 888 2667 944 cecitate

460 969 765 1036 percum,
800 970 1036 1039 peioris
1070 987 1259 1042 qnam
1296 976 1494 1029 antea
1528 973 1921 1029 condicionis
1955 975 2256 1032 existunt.

250 1089 448 1165 capm.
478 1089 581 1152 iiii.

710 1092 819 1153 Est
858 1094 1297 1170 ApprenticiuS,
1338 1096 1661 1174 Ser-gamus
1700 1105 1840 1173 post
1879 1104 1940 1156 et
1981 1095 2260 1171 Adultus,

624 1190 851 1252 Iudicis
890 1191 1155 1252 officium
1195 1193 1318 1254 fine
1360 1193 1593 1255 notabit
1634 1211 1793 1255 eum.

619 1287 683 1349 Si
724 1289 889 1366 cupit
932 1291 994 1348 in
1036 1291 1247 1367 primo,
1293 1292 1485 1352 multo
1526 1291 1715 1368 magis
1758 1291 1888 1368 ipse
1927 1290 2216 1365 secunde,

618 1387 869 1448 Tercius
908 1397 1091 1465 atque
1130 1390 1349 1466 gradus
1389 1399 1481 1450 est
1520 1407 1701 1465 super
1740 1405 1924 1449 omne
1965 1406 2141 1465 reus;

618 1483 700 1544 Et
740 1485 827 1544 sic
867 1485 963 1545 lex
1002 1486 1283 1563 grauibus
1322 1486 1449 1548 auri
1492 1486 1837 1547 moderatur
1877 1485 2146 1560 habeniS,

619 1582 807 1658 Quod
847 1583 1035 1647 modo
1073 1603 1182 1662 per
1220 1585 1405 1646 iustas
1446 1603 1573 1646 non
1613 1583 1772 1646 valet
1811 1585 1898 1644 ire
1936 1585 2078 1644 vias,

620 1678 841 1742 Libera
881 1684 1074 1761 qualis
1115 1695 1239 1745 erat
1279 1684 1375 1745 lex
1416 1701 1543 1744 non
1584 1693 1691 1755 est,
1733 1683 1925 1743 immo
1963 1681 2206 1762 ligatam

619 1777 874 1840 Carcere
913 1799 1298 1842 nummorum
1340 1799 1484 1842 ceca
1522 1781 1749 1860 cupido
1789 1791 1988 1842 tenet:

620 1877 821 1938 Aurea
862 1877 926 1937 ni
964 1879 1151 1940 clauis
1192 1879 1531 1940 dissoluerit
1570 1880 1726 1940 ostia
1763 1879 1982 1952 clausa,

619 1973 771 2035 Eius
808 1974 889 2036 ad
929 1975 1237 2037 introitum
1277 1977 1476 2037 nullus
1515 1973 1765 2037 habebit
1805 1977 1930 2036 iter.

620 2071 725 2132 Nil
764 2091 979 2133 manus
1021 2074 1085 2133 in
1124 2075 1320 2151 pulsu,
1364 2075 1449 2134 nil
1490 2093 1605 2134 vox
1646 2075 1908 2133 clamore
1946 2071 2242 2134 iuuabunt

616 2170 711 2230 Te
749 2188 890 2229 cum
930 2170 1063 2249 lege
1100 2172 1283 2249 loqui,
1326 2172 1431 2250 qui
1470 2171 1603 2232 sine
1640 2171 1814 2230 claue
1853 2169 2060 2231 venis:

620 2267 763 2327 Dux
803 2267 910 2328 tibi
953 2270 1003 2329 si
1048 2287 1332 2330 nummus
1373 2288 1498 2330 non
1541 2269 1635 2343 sit,
1678 2268 1984 2329 conducat
2022 2277 2086 2329 et
2123 2267 2255 2346 ipse

619 2365 921 2428 Custodes
962 2367 1126 2446 legia,
1170 2385 1375 2428 cassus
1414 2365 1581 2428 abire
1620 2375 1813 2444 potes·

620 2465 701 2524 Et
742 2463 827 2524 sic
868 2465 1207 2531 causidicus
1246 2483 1505 2539 eausam,
1550 2465 1732 2525 iudex
1775 2481 1972 2540 neque
2011 2463 2236 2524 iustum

620 2561 923 2624 Iudicium
964 2563 1170 2638 cernit,
1214 2564 1339 2624 dux
1378 2562 1493 2622 nisi
1537 2581 1822 2622 nummus
1863 2562 1992 2622 erit.

699 2659 853 2721 Sunt
892 2662 1003 2722 tria
1042 2662 1342 2741 precipue,
1390 2661 1609 2740 quibus
1652 2671 1744 2722 eet
1785 2659 2056 2721 turbacio
2095 2659 2258 2738 legis,

616 2757 799 2818 Vnde
839 2758 929 2818 sui
972 2760 1114 2820 iuris
1154 2760 1349 2842 perdit
1388 2759 1611 2838 vbique
1650 2759 1893 2834 locum;

620 2855 866 2930 Munus,
909 2857 1200 2932 amicicia,
1240 2859 1435 2931 timor,
1479 2857 1597 2918 hec
1636 2857 1748 2916 tria
1789 2856 1917 2916 iure
1957 2866 2216 2934 negante

618 2953 801 3012 Pacta
840 2955 1053 3029 ferunt,
1097 2956 1267 3033 quod
1306 2956 1393 3016 eis
1434 2955 1635 3016 obstat
1676 2955 1740 3014 in
1780 2952 1928 3015 orbe
1968 2954 2170 3015 nichil.

617 3049 781 3111 Dicit
822 3053 985 3112 enim
1026 3053 1313 3114 Salomon
1354 3053 1563 3113 oculos
1603 3051 1774 3129 quod
1817 3051 2042 3112 Iudicis
2081 3069 2294 3112 aurum

617 3147 820 3222 Cecat,
864 3159 926 3210 et
966 3159 1058 3210 est
1096 3150 1259 3210 racio
1300 3150 1707 3210 contaminata
1749 3149 1959 3223 lucro3

614 3246 851 3307 Scimus
890 3257 953 3308 et
994 3247 1112 3307 hoc
1152 3265 1382 3320 omneS,
1425 3247 1529 3324 qui
1572 3244 1787 3306 iudicis
1829 3255 1990 3306 extat
2029 3247 2276 3321 amicus»,

614 3345 873 3406 Perdere
911 3345 1135 3406 iudicio
1176 3345 1263 3404 nil
1300 3343 1459 3404 valet
1503 3343 1632 3422 ipse
1672 3361 1802 3403 suo.

615 3443 916 3505 Nouimus
957 3444 1075 3504 hoc
1115 3443 1323 3516 eciam,
1364 3452 1570 3520 tangat
1610 3441 1660 3502 si
1701 3459 1884 3500 causa
1923 3449 2248 3518 potentem,

614 3541 877 3604 Cernere
916 3541 1213 3602 iusticiam
1254 3541 1358 3602 dat
1398 3541 1579 3601 timor
1618 3539 1764 3601 inde
1803 3539 2048 3617 fugam5

614 3639 1089 3716 Horrendasque
1128 3639 1322 3700 minas
1362 3638 1541 3699 iudex
1584 3657 1709 3698 non
1751 3636 2004 3698 sustinet
2043 3635 2219 3714 ipsas,

613 3735 827 3815 Sepius
868 3747 930 3798 et
970 3735 1245 3814 precibus
1288 3736 1545 3797 flectitur
1582 3735 1817 3812 absque
1857 3733 2072 3795 minis:

617 3833 813 3894 Litera
852 3834 1145 3912 magnatis
1184 3833 1335 3895 dum
1376 3834 1573 3911 pulsat
1612 3833 1827 3894 iudicis
1867 3849 2058 3906 auree,

613 3931 799 3990 Tollit
838 3931 927 3991 vis
968 3931 1180 3992 calami
1222 3928 1429 3992 debita.
1468 3931 1597 3991 iura
1637 3930 1826 4008 sequi.

614 4027 718 4088 Set
758 4046 937 4105 super
976 4046 1161 4089 omne
1200 4028 1388 4090 modo
1428 4027 1543 4089 sibi
1585 4046 1676 4102 ve,
1721 4027 1825 4105 qui
1867 4043 2095 4104 pauper
2133 4025 2370 4106 egendo

614 4125 783 4201 Quid
822 4126 971 4202 petit
1011 4128 1074 4186 in
1116 4127 1263 4204 lege,
1310 4125 1459 4187 dum
1502 4125 1713 4203 nequit
1757 4125 1882 4201 ipse
1922 4124 2100 4186 dare!
2256 4203 2267 4213 ·

612 4223 863 4284 Publica
903 4233 1043 4284 sunt
1082 4223 1197 4284 ista
1235 4222 1427 4298 nobis,
1474 4221 1640 4300 quod
1680 4223 1812 4299 lege
1852 4221 2141 4283 moderna

614 4321 899 4400 Pauperis
940 4321 1003 4381 in
1043 4339 1225 4382 causa
1264 4322 1357 4380 ius
1398 4330 1576 4399 negat
1616 4330 1751 4380 acta
1789 4339 1912 4380 sua.

858 4433 1103 4500 Heading
1120 4451 1153 4497 4
1175 4433 1493 4498 pestelencie
1514 4432 1607 4485 SH
1673 4433 1974 4498 petuleum-‚ie
1996 4431 2183 4483 CEDL

2567 1217 2667 1269 250

2563 2179 2662 2232 260

2560 3171 2659 3224 270

2555 4135 2656 4186 280
