3434 5142
799 480 926 547 342

381 1022 518 1072 Nota
542 1022 627 1072 hic
654 1021 936 1071 secundum

315 1102 585 1138 commune
630 1088 821 1137 dictum
869 1089 936 1136 de

315 1155 504 1217 pietate
618 1152 936 1203 serenissimi

317 1221 454 1282 regis
481 1218 713 1280 Hem-ici,
731 1233 936 1268 necnon

317 1286 383 1334 de
411 1283 673 1347 impietate
696 1299 799 1345 qua
825 1300 936 1333 cru-

317 1350 608 1400 delissimus
682 1350 940 1399 Ricardus

317 1431 551 1479 regnum,
591 1415 710 1466 dum
755 1413 938 1477 potuit,

317 1482 568 1532 tirannice
590 1480 812 1530 vexauit.

385 2636 494 2685 ‘Hic
551 2634 604 2683 in
655 2630 949 2695 exemplum

325 2702 542 2751 aliorum
594 2698 804 2748 Ricardi
860 2697 948 2746 de-

329 2768 510 2817 merita
543 2778 953 2816 commemorans

331 2833 555 2884 finaliter
581 2829 900 2894 recapitulat.

1533 456 1962 527 CRONICA
2015 453 2598 523 TRIPERTITA

1125 621 1352 684 Reddit
1391 620 1448 683 ei
1489 620 1651 695 mite,
1695 620 1800 699 qui
1840 622 2130 681 clauserat
2170 619 2376 679 vltima
2413 618 2570 679 vite:

1127 724 1404 782 Mortuus
1446 723 1521 780 R.
1565 719 1791 794 transit,
1834 718 2043 779 viuens
2083 717 2308 797 probus
2352 718 2435 777 H.
2480 736 2603 795 que
2642 716 2957 791 remansit,
3098 726 3197 791 462

1125 821 1326 895 Quem
1368 820 1518 880 deus
1559 816 1802 891 extollit,
1846 825 1907 877 et
1945 816 2025 876 ab
2068 818 2143 875 R.
2188 836 2297 875 sua
2335 830 2618 894 prospera
2658 814 2828 875 tollit.

1206 918 1265 979 O
1306 937 1487 995 quarn
1529 917 1842 995 pensando
1883 931 2077 975 mores
2118 913 2430 991 variosque
2472 914 2757 985 notandO,

1127 1014 1190 1075 Si
1233 1015 1386 1074 bene
1427 1024 1735 1087 scrutetur,
1782 1014 1855 1072 R.
1900 1013 1981 1072 ab
2024 1012 2107 1073 H.
2152 1010 2371 1073 distare
2411 1009 2679 1072 videtur!

1129 1113 1337 1175 Clarus
1378 1128 1669 1185 sermone,
1713 1110 2066 1171 tenebrosus
2107 1120 2168 1170 et
2207 1108 2368 1169 intus
2408 1126 2618 1187 agone,

1128 1212 1204 1269 R.
1248 1229 1460 1288 pacem
1503 1210 1686 1287 fingit,
1732 1211 1879 1271 dum
1922 1207 2127 1268 mortis
2168 1208 2372 1269 federa
2410 1205 2679 1286 stringit:

1129 1310 1368 1386 Duplex
1405 1306 1652 1367 cautelis
1693 1307 1803 1366 fuit
1846 1308 1940 1379 R.,
1983 1305 2117 1383 pius
2160 1307 2242 1365 H.
2288 1323 2407 1384 que
2446 1305 2678 1380 fidelis;

1135 1408 1207 1465 R.
1252 1416 1484 1483 pestem
1529 1404 1724 1480 mittit,
1768 1418 2023 1465 mortem
2062 1402 2197 1483 pius
2240 1406 2323 1463 H.
2370 1422 2489 1481 que
2530 1402 2812 1477 remittit;

1135 1505 1207 1563 R.
1249 1502 1594 1563 seruitutem
1637 1502 1855 1575 statuit,
1900 1502 2035 1581 pius
2078 1503 2161 1561 H.
2207 1521 2327 1580 que
2366 1503 2657 1575 salutem3

1134 1603 1207 1660 R.
1249 1601 1488 1679 plebem
1531 1610 1707 1674 taxat,
1751 1611 1913 1660 taxas
1954 1599 2088 1678 pius
2132 1600 2214 1659 H.
2260 1619 2379 1677 que
2418 1600 2674 1674 relaxat3

1135 1702 1208 1760 R.
1254 1719 1526 1779 proceres
1569 1699 1698 1760 odit
1738 1713 1800 1761 et
1840 1718 2047 1761 eorum
2090 1699 2295 1779 predia
2334 1698 2508 1773 rodit,
3099 1722 3197 1775 470

1134 1800 1217 1857 H.
1261 1798 1442 1871 fouet,
1488 1798 1859 1876 heredesque
1900 1816 2037 1857 suas
2078 1807 2361 1858 restaurat
2402 1797 2465 1857 in
2506 1798 2688 1871 edes;

1137 1897 1209 1955 R.
1255 1914 1502 1973 regnum
1541 1906 1733 1955 vastat
1772 1894 1991 1955 vindex
2031 1905 2091 1956 et
2132 1894 2193 1954 in
2236 1894 2515 1955 omnibus
2554 1905 2723 1967 astat,

1138 1994 1362 2052 Mulset
1405 2002 1684 2053 terrorem
1728 1992 1861 2071 pius
1904 1994 2008 2066 H.‚
2053 2010 2173 2069 que
2212 1990 2443 2052 reducit
2482 2011 2763 2053 amorem.

1077 2152 1084 2156 ,
1137 2089 1194 2149 Ο
1235 2090 1402 2162 dem,
1449 2088 1739 2163 HenricO,
1782 2108 1964 2167 quem
2005 2087 2203 2166 diligo,
2249 2105 2431 2166 quem
2472 2088 2787 2160 benedico,

1141 2189 1237 2246 Da
1277 2205 1524 2264 regnum
1565 2198 1763 2247 tutum
1804 2188 1967 2247 nulla
2004 2186 2293 2264 grauitate
2331 2187 2637 2247 volutum:

1137 2284 1276 2345 Vite
1316 2283 1604 2363 presentis
1645 2284 1862 2363 pariter
1898 2283 2139 2362 viteque
2178 2284 2481 2362 sequentis

1141 2384 1237 2442 Da
1277 2382 1392 2442 sibi
1436 2384 1865 2461 quodcumque
1906 2380 2134 2442 felicius
2176 2392 2266 2442 est
2305 2384 2385 2442 ad
2426 2393 2757 2460 vtrumque.

1221 2514 1526 2577 Cronica
1568 2498 1875 2588 Ricardi,
1919 2512 2039 2593 qui
2080 2526 2365 2594 sceptra.
2404 2514 2567 2575 tulit
2608 2515 2948 2593 leopardi,

1139 2614 1229 2671 Vt
1278 2623 1488 2690 patet,
1532 2623 1640 2672 est
1681 2608 1876 2673 dicta
1914 2614 2181 2691 populo
2224 2623 2330 2674 set
2370 2633 2510 2673 non
2554 2611 2966 2673 benedicta:

1139 2710 1230 2767 Vt
1271 2709 1635 2786 speculum
1677 2708 1935 2782 mundi,
1981 2730 2120 2788 quo
2160 2712 2276 2769 lux
2317 2708 2565 2788 nequit
2604 2711 2746 2769 vlla
2784 2710 3089 2781 refundi,

1141 2805 1254 2867 Sic
1295 2826 1556 2866 vacuus
1597 2806 1866 2879 transit,
1914 2806 2051 2867 sibi
2092 2807 2191 2867 nil
2232 2806 2371 2867 nisi
2411 2809 2618 2886 culpa
2660 2807 3016 2868 remansit.
3089 2818 3181 2881 481

1141 2906 1341 2966 Vnde
1383 2903 1727 2983 superbus
1768 2916 1929 2979 erat,
1976 2906 2184 2966 modo
2224 2903 2281 2965 si
2322 2904 2653 2984 preconia
2693 2918 2957 2983 querat,

1143 3002 1314 3063 Eius
1354 3004 1578 3064 honor
1619 3004 1877 3077 sordet,
1920 3004 2071 3064 laus
2113 3006 2370 3083 culpat,
2414 3004 2636 3082 gloria
2678 3006 2968 3064 mordet.

1144 3103 1302 3161 Hoc
1343 3112 1861 3162 concernentes
1902 3114 2200 3162 caueant
2241 3101 2362 3180 qui
2404 3113 2567 3163 sunt
2607 3100 2987 3181 sapienteS,

1144 3200 1318 3259 Nam
1363 3201 1538 3259 male
1580 3198 1902 3260 viuentes
1942 3201 2116 3260 deus
2158 3198 2311 3260 odit
2350 3197 2420 3261 in
2461 3199 2630 3261 orbe
2670 3211 3032 3279 regentes:

1146 3298 1256 3357 Est
1295 3296 1400 3375 qui
1440 3310 1735 3375 peccator,
1778 3317 1902 3357 non
1942 3318 2074 3358 esse
2114 3308 2312 3376 potest
2351 3296 2726 3371 dominator5

1147 3394 1455 3455 Ricardo
1495 3405 1692 3468 teste,
1739 3394 1903 3454 finis
1944 3395 2195 3473 probat
2236 3398 2369 3458 hoc
2412 3395 2821 3456 manifeste:

1053 3674 1151 3734 468
1185 3672 1280 3721 line
1299 3688 1401 3722 ons.
1429 3671 1472 3719 C
1667 3686 1767 3733 473
1802 3670 1995 3722 Mulcet
2016 3671 2141 3722 ΕΗ,
2336 3674 2569 3736 478-483
2602 3672 2679 3724 As
2705 3673 2910 3723 follows
2934 3676 2989 3723 in
3014 3674 3078 3735 G,

1249 3749 1298 3800 Ο
1332 3748 1602 3812 speculum
1634 3751 1831 3814 mundi,
1868 3751 2007 3812 quod
2042 3752 2197 3801 debet
2230 3751 2283 3800 in
2316 3760 2437 3802 ante
2474 3754 2691 3813 refundi,

1185 3829 1264 3879 Ex
1297 3844 1400 3891 quo
1431 3828 1696 3892 prouisum
1728 3828 1941 3892 sapiens
1974 3836 2126 3879 acuat
2156 3829 2254 3879 sibi
2284 3831 2465 3893 visum,

1183 3908 1408 3957 Cronica
1443 3906 1669 3969 Ricardi,
1703 3908 1808 3970 qui
1841 3923 2039 3970 regna
2071 3908 2223 3958 tulit
2254 3909 2565 3973 leopardi,
3073 3908 3193 3971 ⁴80⁸

1183 3986 1260 4035 Vt
1294 3984 1488 4054 piatet,
1522 3992 1622 4035 est
1654 3988 1842 4048 dicta,
1875 3988 2105 4050 populo
2138 3988 2247 4037 sed
2282 4003 2404 4036 non
2437 3988 2789 4040 benedicta.

1186 4064 1444 4128 Quicquid
1477 4072 1589 4114 erat
1623 4066 1804 4128 primo,
1840 4065 1995 4115 modo
2030 4080 2146 4114 cum
2182 4081 2297 4114 sors
2330 4064 2493 4115 fertur
2526 4066 2579 4115 in
2612 4082 2752 4128 ymo,

1187 4142 1314 4193 Eius
1345 4144 1514 4193 honor
1545 4145 1739 4205 sordet,
1777 4144 1889 4193 laus
1924 4143 2111 4207 culpat,
2146 4141 2309 4206 gloria
2344 4144 2563 4195 mordet.

990 4236 1088 4282 479
1101 4220 1150 4269 ff.
1179 4222 1382 4285 margin
1419 4222 1539 4272 Text
1556 4222 1644 4273 SG
1711 4221 1814 4270 Hic
1846 4222 1901 4271 in
1936 4223 2042 4271 fine
2074 4224 2331 4272 cronicam
2368 4222 2531 4286 Regis
2563 4222 2773 4273 Ricardi
2801 4222 3088 4272 secundum
3108 4238 3195 4271 sua

987 4300 1236 4348 demerita
1283 4300 1510 4351 breuiter
1554 4301 1867 4351 determinat
1906 4299 2005 4350 CH
2092 4301 2191 4349 Hic
2226 4301 2602 4351 determinatur
2636 4302 2703 4351 de
2744 4300 3001 4352 demeritus
3042 4299 3197 4361 Regis

992 4376 1305 4505 Ricarfiigb
1504 4394 1603 4442 479
1636 4378 1831 4442 populo
1866 4385 1947 4429 set
1982 4392 2084 4429 non
2118 4380 2393 4430 benedicta
2428 4380 2511 4431 SC
2580 4380 2805 4430 violenta
2838 4378 3013 4441 grauis
3046 4380 3195 4429 male-

989 4458 1125 4507 dicta
1261 4474 1282 4506 ι
