3434 5142
1479 441 1679 506 VOX
1745 440 2286 506 CLAMANTIS

943 603 1133 665 Cuius
1175 603 1238 662 in
1278 611 1524 679 aspectu
1565 601 1768 660 secula
1808 609 2026 660 cuncta
2066 609 2290 677 patent.

943 701 1007 761 Si
1049 719 1213 768 sacra
1254 701 1374 760 sint
1412 699 1746 772 hominum,
1790 698 1940 776 quid
1980 699 2114 774 plus
2155 697 2456 774 sponsalia
2497 697 2678 760 Cristi

946 797 1189 860 Debent
1230 816 1397 858 more
1436 815 1606 858 sacro
1648 807 1812 856 easta
1851 813 2096 856 manere
2135 794 2270 856 deo.

943 895 1227 956 Vestibus
1268 896 1330 954 in
1374 895 1553 973 nigris
1595 895 1756 971 prius
1796 903 1888 954 est
1929 893 2140 954 induta
2179 893 2394 970 puella,

943 993 1225 1056 Crinibus
1266 993 1532 1066 abscisis
1576 1011 1716 1052 cum
1759 991 2036 1052 monialis
2075 991 2224 1066 erit3
2883 999 2986 1062 640

945 1092 1256 1153 Deformat
1296 1108 1513 1168 corpus
1556 1091 1713 1164 ἴοι-ἐς,
1759 1099 1822 1150 vt
1863 1090 1938 1150 sit
1978 1089 2218 1166 spiritus
2258 1089 2418 1150 intus

946 1189 1217 1262 Pulcher,
1263 1201 1323 1249 et
1363 1188 1629 1250 albescat
1670 1188 1888 1265 plenus
1927 1205 2136 1248 amore
2175 1187 2293 1248 dei.

946 1290 1111 1348 Dum
1152 1288 1293 1348 soris
1334 1297 1426 1348 est
1468 1287 1650 1364 nigra,
1696 1287 1862 1348 fieret
1905 1287 1954 1346 si
1997 1286 2217 1362 nigrior
2257 1284 2428 1360 intra,

945 1389 1087 1447 Non
1130 1398 1192 1446 vt
1232 1385 1425 1445 amica
1466 1385 1586 1457 dei,
1628 1383 1768 1446 seda
1809 1384 2028 1444 reiecta
2071 1384 2259 1458 soret3

945 1485 1047 1545 Set
1088 1484 1235 1544 dum
1276 1493 1439 1542 casta
1479 1492 1697 1556 manet,
1743 1481 1940 1542 omnis
1982 1481 2230 1559 nigredo
2271 1490 2538 1558 perextra

944 1583 1218 1642 Mentem
1260 1581 1537 1644 candoris
1578 1581 1772 1658 signat
1812 1578 2034 1642 habere
2076 1578 2282 1656 magis.

848 1823 967 1880 Hic
1012 1823 1289 1892 loquitur
1329 1823 1407 1878 de
1454 1819 1787 1878 castitati·
1835 1821 2406 1886 commendacione,
2449 1836 2567 1889 que
2603 1821 2878 1878 maxime
2919 1821 2990 1875 in

781 1911 1089 1983 religione
1122 1911 1483 1966 mulieribus
1519 1909 1819 1965 conuenit
1851 1909 2183 1978 profe-aia.

578 2045 776 2117 Capm.
808 2056 895 2097 xv.

1024 2035 1083 2098 O
1124 2053 1306 2112 quam
1348 2034 1651 2112 virginitas
1691 2033 1853 2111 prior
1893 2033 2058 2094 omni
2101 2033 2280 2094 laude
2321 2031 2586 2111 refulget,

944 2138 1187 2212 Agnum
1229 2151 1348 2211 que
1389 2133 1656 2210 sequitur
1696 2142 1915 2191 cuncta
1954 2150 2060 2209 per
2099 2151 2242 2191 arua
2282 2131 2404 2208 poli
2422 2151 2440 2206 ;

942 2231 1232 2310 Splendet
1272 2241 1331 2290 et
1374 2231 1435 2289 in
1477 2231 1645 2290 terris
1687 2229 1894 2291 deitati
1937 2238 2140 2308 nupta,
2185 2229 2528 2308 relinquens

943 2331 1225 2406 Corporis
1267 2328 1513 2388 humani
1556 2346 1675 2404 que
1715 2346 1904 2406 genus
1945 2337 2078 2387 acta
2119 2325 2314 2386 docet.
2887 2334 2991 2400 650

944 2429 1117 2488 Fetet
1158 2436 1221 2487 vt
1264 2425 1502 2499 ineasta,
1548 2427 1764 2502 fragrat
1805 2425 1934 2484 sine
1975 2424 2111 2484 labe
2153 2423 2392 2501 pudica,

946 2526 1072 2586 Ista
1111 2524 1294 2584 deum
1336 2523 1565 2598 retinet,
1612 2524 1711 2582 illa
1753 2522 2010 2582 cadauer
2051 2520 2250 2582 habet.

946 2623 1224 2686 Centeno
1264 2623 1418 2681 trina
1459 2622 1651 2680 fructu
1692 2621 1995 2679 cumulata
2035 2631 2356 2697 perornant

947 2720 1207 2798 Virginis
1247 2729 1387 2779 ante
1430 2719 1613 2779 deum
1654 2717 1866 2780 florida
1907 2728 2061 2778 serta
2101 2729 2315 2795 caput:

948 2818 1265 2896 Angelicas
1309 2828 1532 2877 turmas
1574 2815 1941 2876 transcendit
1983 2816 2222 2894 virginis
2263 2816 2431 2891 orde,

950 2917 1152 2992 Quam
1194 2916 1380 2993 magis
1422 2916 1484 2974 in
1524 2914 1658 2975 celo
1699 2914 1852 2974 trina
1892 2932 2116 2976 corona
2157 2915 2314 2976 colit.

951 3015 1093 3075 Iura
1132 3031 1390 3090 sequens
1431 3013 1631 3089 aquile
1672 3031 1844 3072 mens
1886 3012 2124 3090 virginis
2165 3011 2285 3072 alta
2324 3012 2642 3091 cupiscens

950 3111 1186 3174 Celsius
1228 3120 1369 3172 ante
1412 3110 1613 3184 deum,
1658 3121 1809 3170 teste
1853 3110 2144 3184 Iohanne,
2188 3110 2368 3170 volat.

950 3211 1034 3270 Vt
1074 3227 1208 3269 rosa
1249 3209 1327 3270 de
1368 3209 1554 3286 spinis
1595 3210 1792 3269 oriens
1833 3207 2236 3286 supereminet
2277 3209 2422 3283 illas,

951 3307 1050 3368 Sic
1092 3318 1329 3384 superat
1371 3307 1631 3384 reliquos
1673 3307 1913 3386 virginis
1955 3307 2055 3366 ille
2095 3316 2325 3380 status;
2892 3315 2994 3366 660

950 3407 1034 3465 Vt
1075 3407 1387 3483 margarita
1428 3406 1622 3482 placet
1662 3405 1800 3466 alba
1842 3406 2029 3484 magis
2071 3404 2356 3482 preciosa,

951 3504 1050 3565 Sic
1092 3505 1286 3581 placet
1327 3505 1389 3563 in
1432 3505 1688 3564 claustro
1732 3505 1894 3582 virgo
1935 3503 2199 3582 professa
2241 3505 2374 3564 deo.

953 3603 1117 3662 Talis
1159 3601 1321 3662 enim
1362 3601 1632 3662 claustris
1674 3603 1949 3662 monialis
1993 3601 2227 3680 dignior
2267 3612 2427 3664 extat

955 3700 1236 3760 Sanccior
1278 3710 1338 3760 et
1379 3701 1620 3774 meritiS,
1666 3699 1811 3760 dum
1853 3718 1962 3759 sua
2003 3713 2142 3762 vota
2183 3711 2362 3760 tenet.

954 3798 1057 3858 Set
1099 3816 1478 3875 quecumque
1519 3809 1723 3858 tamen
1765 3796 1880 3856 sub
1921 3799 2054 3858 velo
2096 3798 2350 3858 claustra
2389 3797 2649 3876 requirit,

953 3897 1187 3972 Regula
1228 3915 1410 3973 quam
1451 3906 1648 3956 seruat
1688 3894 2083 3956 sanctificabit
2123 3914 2293 3957 eam:

953 3993 1015 4053 Si
1056 3992 1231 4052 fuerit
1272 3995 1486 4054 mulier
1523 3993 1703 4066 bona,
1750 3993 1948 4053 reddit
1989 4011 2120 4052 earn
2164 3994 2490 4068 meliorem,

955 4089 1230 4150 Moribus
1272 4101 1333 4152 et
1374 4109 1568 4152 mores
1609 4091 1778 4152 addit
1817 4090 2042 4169 vbique
2082 4091 2310 4168 magis;

954 4188 1016 4248 Si
1058 4188 1285 4264 polluta
1327 4189 1489 4266 prius
1531 4189 1607 4249 sit
1646 4208 1830 4266 quam
1874 4188 2078 4263 velata,
2124 4207 2243 4266 que
2285 4198 2448 4249 caste

956 4286 1262 4378 Amrnodo
1304 4289 1480 4362 viuat,
1526 4289 1635 4348 erit
1675 4289 1884 4366 preuia
1925 4289 2102 4366 culpa
2141 4287 2343 4348 nichil.
2899 4296 3000 4362 670

794 4431 892 4490 645
926 4435 1161 4492 perextra
1184 4427 1418 4478 SHGTL
1486 4443 1577 4492 per
1595 4437 1746 4480 extra
1767 4429 1908 4480 CED
2105 4432 2205 4479 662
2239 4430 2412 4494 placet
2433 4429 2579 4480 CEH
2647 4438 2794 4496 putet
2817 4429 3006 4482 SGDL
