3434 5142
1145 451 1428 517 LIBER
1485 454 1958 523 SEPTIMUS
2524 480 2661 541 279-

613 614 854 690 Isteque
894 630 960 673 se
998 612 1281 675 miserum
1321 613 1594 677 transfert
1632 616 1867 692 gentilis
1908 617 1972 677 in
2012 616 2197 691 illum,

611 712 878 787 Vultque
916 711 1007 771 sui
1048 712 1184 772 vicii
1224 712 1550 773 rusticitate
1589 713 1721 775 frui.
2550 740 2649 790 240

610 809 710 869 Sic
750 808 966 869 modus
1007 820 1098 869 est
1137 828 1378 887 pompa,
1419 808 1686 889 probitas
1727 811 2033 886 iactanda,
2076 814 2227 875 risus

608 906 956 979 Scurrilitas,
999 907 1178 967 ludus
1217 926 1405 969 vanus
1447 916 1508 969 et
1547 907 1780 986 absque
1820 910 1955 971 deo.

609 1004 670 1062 N
673 1021 792 1062 unc
832 1003 1025 1063 fautor
1063 1005 1354 1065 scelerum
1395 1006 1668 1083 specialis
1709 1006 1980 1080 habetur,
2022 1017 2085 1067 et
2124 1007 2371 1069 obstans

608 1100 869 1161 Alterius
909 1101 1075 1161 viciis
1117 1112 1208 1163 est
1248 1102 1524 1163 inimicus
1565 1103 1658 1165 ei:

610 1200 791 1259 Nunc
831 1200 1020 1275 magis
1059 1212 1151 1261 est
1189 1220 1362 1261 mrus
1401 1202 1490 1261 vir
1530 1201 1789 1263 blandus
1828 1203 1895 1263 in
1933 1222 2077 1264 aure
2116 1221 2465 1283 perungens,

607 1297 689 1357 Et
728 1297 950 1375 duplex
989 1299 1190 1376 lingua
1229 1299 1430 1359 rethor
1467 1298 1721 1361 habetur
1758 1318 1849 1361 ea.

607 1396 668 1454 N
671 1414 791 1457 unc
830 1413 976 1473 puer
1016 1396 1291 1473 impubes
1333 1397 1666 1473 sapiencior
1703 1406 1797 1458 est
1838 1397 2165 1459 Citherone

609 1494 792 1570 Regis
833 1494 896 1552 in
936 1504 1198 1571 aspectu,
1242 1494 1496 1571 plusque
1535 1494 1773 1555 Catone
1812 1495 2041 1571 placet:

607 1590 1040 1668 Blandicieque
1079 1608 1186 1651 sue
1227 1610 1391 1651 nunc
1427 1601 1666 1669 gestant
1705 1593 1935 1669 premia
1974 1594 2190 1673 lingue,

605 1685 775 1760 Quas
815 1686 1028 1746 mundi
1067 1703 1342 1763 proceres
1383 1686 1764 1763 magnificare
1804 1687 1988 1749 vides.
2218 1720 2231 1733 ·
2546 1711 2645 1761 προ

666 1778 862 1842 ’Absit
901 1782 1098 1843 honor
1137 1784 1370 1843 cunctis
1411 1784 1524 1843 nisi
1567 1784 1785 1861 lingue,
1830 1802 1950 1861 que
1989 1785 2150 1845 velut
2192 1786 2401 1845 Eccho

605 1878 867 1939 Auribus
907 1880 973 1938 in
1011 1880 1164 1957 regis
1204 1898 1475 1941 consona
1513 1880 1696 1941 verba
1736 1892 1927 1941 sonat.

604 1976 791 2052 Quod
831 1977 1036 2053 culpas
1078 1977 1294 2053 culpat,
1339 1976 1506 2053 quod
1525 1977 1755 2036 ·laudas
1798 1977 2001 2037 laudat
2041 1986 2102 2037 et
2144 1978 2288 2054 ipse,

603 2073 791 2150 Quod
831 2074 982 2135 dicis
1022 2074 1185 2147 dicit,
1230 2076 1398 2151 quod
1437 2074 1585 2135 colis
1627 2075 1755 2151 ipse
1796 2075 1953 2135 colit.

602 2172 810 2245 Rides,
851 2171 1102 2231 arridet:
1159 2170 1282 2243 fles,
1324 2168 1524 2231 flebit:
1581 2188 1816 2249 semper
1856 2181 1918 2231 et
1954 2190 2141 2249 equas

606 2271 891 2347 Imponet
931 2268 1091 2345 leges
1130 2265 1394 2328 vultibus
1435 2268 1564 2344 ipse
1603 2268 1743 2327 tuis.

533 2404 537 2409 -
602 2367 836 2427 Premia
876 2366 1163 2427 iudicium
1207 2365 1576 2426 Philemonis
1617 2365 1783 2425 nulla
1826 2376 2098 2438 meretur,

601 2465 768 2524 Dum
807 2475 1010 2525 tamen
1052 2465 1170 2524 hoc
1209 2483 1415 2525 verum
1457 2464 1532 2523 sit
1573 2464 1741 2541 quod
1782 2464 1860 2524 ab
1902 2483 2006 2524 ore
2046 2465 2233 2527 refert.

600 2564 802 2639 Quem
842 2563 1006 2640 prius
1047 2563 1336 2622 infantem
1375 2562 1520 2622 texit
1560 2562 1821 2639 pastoria
1860 2562 2047 2639 pelliS,

600 2662 734 2723 Iam
775 2660 976 2721 subito
1018 2660 1242 2721 blanda
1281 2660 1538 2721 sindone
1578 2660 1761 2721 verba
1802 2670 2026 2737 tegunt.
2544 2675 2641 2725 260

601 2759 783 2822 Curia
823 2759 986 2819 nulla
1025 2777 1202 2819 suum
1242 2769 1504 2819 veterem
1546 2768 1865 2819 conseruat
1906 2758 2215 2833 honorem,
2570 2750 2584 2764 ’

599 2855 758 2918 Vrbs
797 2874 996 2934 neque
1037 2856 1348 2929 iusticiam,
1391 2864 1546 2915 terra
1585 2873 1700 2915 nec
1740 2856 1857 2915 vlla
1898 2855 2100 2915 fidem.
2114 2846 2135 2915 .'

599 2956 752 3016 Sunt
791 2956 978 3033 magis
1019 2973 1184 3014 arma
1223 2954 1418 3013 forum
1461 2971 1642 3030 quarn
1684 2952 1984 3027 nobilitas,
2027 2951 2247 3031 quibus
2290 2956 2389 3016 ille

601 3051 820 3113 Garcio
860 3052 1073 3112 sutoris
1117 3068 1279 3109 nunc
1317 3050 1581 3127 galeatus
1621 3049 1827 3109 adest:

599 3149 826 3209 Fuluus
865 3148 984 3209 iam
1025 3147 1178 3207 talus
1221 3146 1398 3205 nimis
1438 3156 1528 3205 est
1569 3146 1925 3219 communis,
1970 3164 2164 3225 eoque

601 3246 744 3305 Non
785 3246 979 3307 honor
1019 3254 1110 3305 est
1149 3243 1328 3302 armis
1370 3252 1431 3302 vt
1473 3241 1626 3301 solet
1665 3260 1798 3302 esse
1838 3243 2036 3318 prius:

599 3341 880 3419 Namque
922 3339 1212 3417 superbus
1253 3339 1446 3415 inOPS,
1490 3339 1640 3399 dum
1683 3357 1808 3399 non
1851 3337 2035 3400 habet
2074 3340 2234 3401 vnde
2275 3341 2531 3419 superbe

598 3440 677 3499 Se
715 3447 896 3515 regat,
940 3454 1014 3497 ex
1054 3436 1252 3513 predis
1293 3436 1440 3495 viuit
1479 3435 1702 3513 vbique
1743 3436 1882 3495 suiS.

680 3566 974 3627 Debilitas
1013 3564 1178 3642 regni
1217 3563 1419 3641 surgit,
1461 3563 1614 3623 vires
1654 3562 2051 3641 requiescunt,
2660 3638 2669 3647 ‚

598 3666 699 3725 Sic
738 3664 940 3743 paleas
980 3663 1199 3722 multas
1239 3680 1542 3739 granaque
1583 3679 1774 3738 pauca
1815 3661 2019 3723 vides:
2306 3702 2327 3719 .
2542 3682 2642 3737 270

598 3761 801 3824 Corda
840 3763 1026 3823 latent
1067 3761 1355 3837 leporum,
1399 3759 1746 3837 panduntur
1786 3770 1847 3819 et
1887 3778 1991 3819 ora
2031 3760 2294 3831 leonum,

597 3861 798 3919 Aurea
837 3876 1000 3918 nunc
1039 3842 1222 3918 verba
1262 3854 1580 3933 plumbeus
1618 3866 1788 3917 actus
1831 3855 2030 3916 habet.

598 3958 900 4034 Nuncque
939 3956 1135 4017 solent
1175 3955 1451 4015 homines
1491 3971 1847 4015 consumere
1887 3954 2047 4032 larga
2086 3955 2395 4032 loquendo

596 4057 916 4131 Tempora,
960 4054 1220 4115 sermoni
1261 4052 1584 4113 deficiente
1623 4052 1763 4126 die,

597 4153 680 4212 Et
719 4152 900 4225 bona,
942 4170 1062 4229 que
1101 4169 1350 4227 regnum
1391 4158 1783 4223 concernunt,
1827 4149 2057 4211 vtiliora

598 4251 924 4312 Discordes
963 4250 1168 4311 animo
1208 4247 1537 4326 posteriora
1577 4248 1800 4308 sinunt.

499 4421 600 4484 256
631 4420 743 4485 ipse
765 4418 852 4472 SL
918 4420 1006 4471 ille
1028 4418 1226 4471 CEHD
1371 4418 1472 4481 269
1506 4415 1763 4480 ordinary
1774 4424 1985 4482 parag-r.
2006 4414 2061 4467 in
2081 4415 2240 4480 CDL,
2264 4431 2331 4466 no
2344 4423 2556 4481 paragr.
2583 4414 2625 4464 E
