3434 5142
1177 466 1465 532 LIBER
1524 468 1888 535 PRIMUS
2556 493 2634 553 73

496 654 616 710 Hic
676 656 862 723 fingit
917 654 1261 710 secundum
1309 652 1627 709 visionem
1678 656 1951 725 sompnii
2007 652 2086 712 de
2145 656 2416 724 quadam
2446 666 2633 713 “voce

423 743 644 798 diuina
667 746 733 797 ln
759 742 1028 799 excelsis
1054 743 1394 806 clamante,
1418 745 1484 797 et
1510 744 1821 811 quomodo
1857 743 2012 799 deus
2047 745 2341 812 placatus
2376 744 2632 799 tandem

424 832 709 899 precibus
733 833 1155 900 tempestates
1177 830 1445 893 sedauit,
1468 832 1535 885 et
1557 830 1870 899 quomodo
1896 832 2080 899 quasi
2103 834 2172 887 in
2194 832 2633 889 holocaustum

424 933 539 987 pro
564 918 793 974 delicto
818 918 1067 973 occisus
1090 920 1212 973 fuit
1234 919 1342 973 ille
1377 918 1705 984 Graculus,
1730 920 1791 973 id
1815 924 1917 975 ent
1951 920 2296 985 walterus,
2327 920 2632 975 furiarum

425 1004 827 1075 eapitaneus.

164 1128 365 1204 Capm.
399 1128 514 1188 xix.

671 1128 915 1188 Clamor
954 1126 1015 1186 in
1058 1126 1321 1201 excelsiS,
1368 1128 1611 1187 lacrime
1649 1129 2030 1206 gemitusque
2069 1130 2426 1207 frequenteS,

588 1226 730 1286 Non
770 1225 1008 1284 veniam
1049 1226 1200 1285 cassi
1244 1225 1560 1302 preteriere
1598 1225 1737 1301 dei3

584 1324 867 1383 Attamen
909 1322 1039 1400 ipse
1078 1323 1257 1381 maris
1301 1323 1619 1399 Neptunus
1660 1322 1764 1400 qui
1807 1322 1958 1383 deus
1999 1332 2175 1397 extat,

584 1421 667 1480 At
708 1437 873 1480 mare
913 1420 1204 1497 pacificet,
1250 1426 1397 1479 tunc
1437 1420 1788 1480 holooeusta
1827 1421 1992 1498 petit.

590 1518 769 1578 Dona
807 1518 1007 1578 valent
1048 1517 1326 1595 precibus
1369 1517 1709 1591 commixta,
1753 1536 1860 1595 per
1900 1518 2014 1579 hec
2054 1519 2205 1580 deus
2244 1519 2413 1580 audit

590 1617 829 1688 Micius,
870 1627 931 1676 et
971 1616 1125 1676 votis
1167 1617 1379 1677 annuit
1420 1617 1549 1693 ipse
1590 1634 1872 1693 precum:

588 1716 743 1777 Cum
788 1716 976 1792 magis
1018 1732 1160 1792 ergo
1201 1715 1345 1776 furit
1386 1715 1603 1775 tumidi
1646 1716 1823 1775 maris
1863 1725 2039 1775 aucta
2079 1716 2354 1793 procella,

589 1814 667 1873 Et
708 1813 897 1889 magis
938 1812 1000 1871 in
1043 1822 1297 1872 mortem
1338 1813 1463 1873 visa
1506 1813 1725 1889 pericla
1765 1821 1988 1888 patent,

585 1913 760 1971 Vnus
801 1918 927 1970 erat
971 1911 1170 1970 Maior
1210 1910 1585 1984 Guillelmus,
1630 1928 1813 1987 quern
1856 1908 2166 1986 probitatis

588 2008 837 2085 Spiritus
879 2010 943 2068 in
984 2018 1187 2069 mente
1228 2008 1425 2068 cordis
1466 2008 1545 2068 ad
1584 2009 1703 2067 alta
1746 2017 1952 2067 mouet
1970 2028 1988 2082 3
2500 2015 2630 2067 1860

590 2108 713 2167 Iste
753 2117 967 2168 tenens
1006 2105 1271 2183 gladium
1312 2124 1439 2183 quo
1478 2106 1750 2183 graculus
1793 2106 1892 2166 ille
1933 2104 2225 2183 superbus

588 2204 841 2278 Corruit,
885 2222 958 2264 ex
998 2214 1059 2265 et
1100 2222 1175 2264 eo
1216 2203 1553 2279 pacificauit
1594 2221 1764 2281 opuS.

588 2302 725 2361 Vna
765 2300 998 2378 peribat
1039 2302 1188 2374 auiS,
1232 2318 1357 2378 quo
1398 2300 1561 2360 milia
1602 2300 1768 2360 mille
1807 2298 2099 2374 reviuunt,

587 2400 669 2461 Et
708 2399 1033 2461 furibunda
1072 2401 1224 2461 deus
1266 2397 1521 2459 obstruit
1560 2416 1664 2459 ora
1706 2398 1904 2458 maris.

589 2499 675 2560 Sit
716 2500 857 2560 licet
896 2500 1017 2559 hoc
1058 2498 1244 2570 tarde,
1288 2507 1435 2557 tunc
1476 2497 1649 2556 nauis
1690 2508 1828 2573 post
1869 2497 2064 2556 scelus
2103 2508 2304 2557 actum

589 2597 799 2657 Induit
840 2596 1045 2656 infelix
1084 2613 1247 2655 arma
1286 2605 1499 2654 coacta
1539 2594 1727 2654 dolor.

590 2696 885 2757 Graculus
926 2712 1003 2755 en
1047 2694 1331 2753 moritur!
1394 2693 1481 2753 sic
1522 2710 1646 2751 non
1688 2692 2022 2753 moriuntur
2062 2693 2248 2766 invlti,

588 2793 760 2868 Quos
802 2792 965 2869 prius
1004 2810 1077 2852 ex
1118 2800 1309 2851 rostro
1350 2789 1483 2850 lesit
1521 2788 1601 2850 ad
1642 2808 1808 2849 arma
1848 2807 1997 2850 suo:

587 2890 708 2966 Qui
746 2890 879 2950 ferit
920 2906 995 2950 ex
1034 2888 1235 2967 gladio
1276 2888 1447 2965 periit
1487 2887 1778 2967 gladiator
1818 2888 1881 2947 in
1922 2888 2043 2962 illo,

586 2990 667 3049 Et
706 2989 893 3065 magis
940 2987 1147 3047 infelix
1188 2985 1419 3046 imbuet
1460 2992 1669 3046 auctor
1708 3004 1896 3062 opus:
2498 2995 2629 3061 1870

587 3087 663 3146 In
706 3086 899 3147 scelus
942 3084 1301 3145 addendum
1342 3084 1537 3144 scelus
1578 3091 1686 3153 est,
1729 3085 1794 3143 in
1834 3085 2042 3145 funera
2082 3083 2280 3157 funus,

587 3184 687 3243 Sic
725 3183 849 3243 luet
890 3192 1129 3244 exactor
1167 3181 1337 3259 quod
1376 3182 1511 3241 tulit
1551 3190 1693 3241 ante
1734 3180 1994 3255 malum3

587 3280 785 3358 Inque
824 3281 989 3340 leues
1029 3278 1177 3340 abiit
1216 3279 1524 3340 morientis
1561 3278 1800 3357 spiritus
1840 3296 2029 3352 auraS,

586 3378 648 3438 Si
687 3386 848 3455 petat
890 3378 1134 3438 inferius
1174 3388 1345 3437 antra
1384 3378 1497 3437 scit
1536 3378 1665 3453 ipse
1705 3377 1877 3437 deus.

583 3476 681 3537 Sic
723 3477 864 3553 quia
905 3474 1189 3535 miliciam
1232 3475 1619 3551 transumpsit
1658 3475 1935 3552 ymagine
1976 3475 2245 3547 monstri,

584 3573 755 3635 Irrita
796 3574 1036 3650 decepti
1077 3580 1216 3633 vota
1256 3573 1488 3633 colonis
1530 3582 1717 3633 erant.

583 3672 741 3734 Cum
783 3672 973 3751 magis
1013 3681 1103 3733 est
1144 3670 1434 3749 quicquid
1475 3671 1673 3747 superi
1716 3672 1958 3732 voluere
1998 3680 2323 3749 peractum,

582 3770 821 3831 Desinit
860 3790 899 3831 a
939 3770 1103 3830 furiis
1144 3788 1273 3830 sors
1315 3768 1633 3829 maledicta
1674 3770 1834 3829 suis:

578 3868 852 3928 Forsitan
897 3868 995 3927 illa
1034 3869 1165 3928 dies
1207 3868 1421 3929 erroris
1462 3884 1699 3927 summa
1739 3868 1965 3941 fuisset,

578 3966 642 4026 Si
683 3967 835 4028 deus
874 3968 936 4027 in
979 3966 1081 4026 tali
1123 3975 1315 4027 morte
1354 3974 1628 4042 negasset
1668 3982 1840 4042 opus.
2496 3974 2627 4024 1880

580 4062 639 4124 Ο
680 4063 863 4122 michi
904 4072 1130 4141 quanta
1170 4063 1306 4123 tulit
1346 4072 1547 4122 tantus
1588 4062 1810 4122 solacia
1852 4062 2055 4137 victor,

579 4157 815 4222 Obruta
854 4160 957 4237 qui
998 4170 1165 4220 tante
1206 4160 1379 4221 sortis
1418 4160 1497 4219 ad
1538 4160 1658 4220 alta
1696 4160 1894 4221 leuat!

578 4256 638 4317 O
678 4254 1000 4317 benedicta
1038 4275 1270 4332 manus,
1314 4268 1436 4317 tam
1478 4256 1779 4317 sufficiens
1821 4256 2238 4317 holocaustum

484 4386 616 4447 1859
662 4385 951 4436 willelmus
996 4386 1045 4435 D
1268 4388 1395 4450 1870
1440 4386 1637 4437 imbuet
1682 4386 1771 4437 SG
1861 4384 2044 4438 imbuit
2089 4385 2234 4437 CEH
2333 4384 2526 4435 incidet
2575 4386 2624 4435 D

418 4464 544 4527 1874
578 4462 795 4515 infernis
818 4464 863 4515 E
928 4462 1161 4515 infernus
1185 4462 1234 4515 D
