3434 5142
1103 438 1457 505 TERCIA
1501 439 1739 503 PARS

481 601 560 661 Et
600 599 686 661 sic
727 619 840 661 nec
880 619 1080 679 regem
1121 597 1344 661 iustum
1387 598 1604 660 iustam
1643 618 1843 677 neque
1882 600 2075 678 legem

479 698 620 757 Dux
658 698 882 776 probus
921 696 1170 771 inuenit,
1215 698 1363 758 dum
1401 717 1520 758 vox
1559 695 1674 757 sibi
1715 695 1937 758 nuncia
1975 696 2153 759 venit.

475 796 653 856 Tunc
693 796 1052 857 confiscatus
1092 794 1314 875 rapitur
1353 795 1482 857 sine
1522 794 1650 855 iure
1690 795 1963 868 ducatuS,

479 895 622 968 Quo
663 912 728 954 se
768 896 1064 955 confortat
1103 894 1226 954 dux
1265 894 1590 954 commoda
1629 894 1794 953 nulla
1832 902 2092 971 reportat
2116 914 2135 966 ;

478 989 634 1051 Pulli
674 1011 1009 1066 cornorum,
1051 990 1241 1070 pascit
1283 1012 1434 1069 quos
1476 1002 1666 1052 mater
1703 1010 1931 1064 eorum,

478 1089 540 1149 N
540 1108 622 1149 on
661 1088 745 1149 ita
783 1091 1171 1169 proclamant,
1214 1088 1362 1168 quin
1401 1090 1534 1167 plus
1575 1086 1690 1150 sibi
1731 1098 1922 1149 castra
1961 1088 2283 1148 reclamant

479 1184 662 1265 Regis
701 1187 978 1261 fautoreS,
1022 1197 1204 1248 terras
1245 1206 1364 1266 que
1403 1190 1654 1249 ducatus
1696 1187 1993 1247 honores:

479 1283 612 1343 Rex
652 1282 814 1343 bona
853 1281 1152 1363 dispergit,
1198 1282 1303 1361 qui
1343 1304 1466 1346 non
1508 1281 1637 1344 sine
1677 1281 1926 1343 crimine
1965 1280 2171 1360 pergit,

479 1379 858 1442 Distribuens
897 1392 1103 1455 sorteS,
1147 1380 1398 1442 ditescat
1437 1392 1501 1441 vt
1540 1381 1683 1442 inde
1723 1382 2015 1442 cohortes.

477 1477 664 1552 Quod
705 1474 792 1537 sic
831 1476 1098 1538 decreuit
1135 1498 1237 1539 rex
1276 1480 1436 1538 fama
1474 1478 1823 1556 perambula
1860 1476 2063 1551 creuit,

479 1575 593 1635 Per
634 1575 928 1635 mundum
969 1586 1164 1636 totum
1206 1578 1399 1637 scelus
1441 1577 1560 1637 hoc
1600 1574 1710 1636 erit
1748 1576 1973 1636 amodo
2012 1584 2241 1636 notum.

559 1672 618 1733 Ο
660 1691 843 1749 quam
883 1674 1054 1751 plura
1093 1671 1232 1733 sinit
1274 1673 1442 1747 deuS,
1486 1683 1548 1733 et
1587 1691 1727 1733 cum
1768 1682 2041 1748 tempora
2079 1670 2229 1746 finit,

479 1767 702 1829 Omnia
740 1779 887 1829 tunc
927 1779 1088 1830 certe
1128 1788 1246 1848 que
1287 1780 1428 1830 sunt
1469 1770 1839 1830 demonstrat
1878 1777 2081 1846 aperte
2108 1771 2121 1829 Ξ

481 1867 622 1926 Dux
663 1865 980 1944 inspiratus
1020 1867 1282 1939 tandem,
1327 1865 1497 1943 quasi
1539 1866 1616 1926 sit
1654 1874 1993 1937 renouatus,

481 1961 725 2040 Singula
764 1974 1114 2041 compensat
1154 1964 1418 2041 perfecto
1459 1963 1761 2040 cordeque
1802 1971 2051 2040 pensat:

480 2061 798 2120 Tortorem
839 2080 1038 2138 regem
1078 2071 1294 2121 tortam
1337 2058 1715 2138 creuisseque
1757 2062 1951 2137 legem

479 2156 705 2232 Cernit,
750 2168 810 2218 et
850 2177 1074 2218 errores
1115 2156 1178 2217 in
1219 2168 1470 2236 vtroque
1511 2169 1667 2218 statu
1707 2156 2043 2235 grauiores:

478 2254 731 2333 Signans
772 2274 838 2315 se
880 2254 1077 2317 Cristo
1119 2254 1376 2334 quesiuit
1416 2274 1598 2334 opem
1640 2274 1819 2333 super
1858 2253 1992 2327 ist0,

480 2352 621 2428 Qui,
667 2354 822 2414 bene
862 2354 1010 2413 dum
1052 2364 1264 2432 sperat,
1307 2352 1474 2414 iubet
1514 2364 1576 2413 vt
1617 2372 1727 2413 sua
1765 2351 2004 2431 propria
2042 2361 2267 2430 querat.

481 2451 574 2510 Ex
614 2450 815 2512 subito
857 2470 1038 2525 more,
1083 2454 1252 2513 saluo
1292 2449 1408 2512 sibi
1448 2469 1684 2529 semper
1726 2452 1971 2524 honore,

479 2550 685 2609 Partes
725 2548 974 2610 subtiles
1015 2552 1379 2611 Francorum
1421 2551 1542 2610 dux
1582 2546 1753 2627 quasi
1794 2546 1965 2608 miles

483 2646 642 2708 Cum
683 2648 889 2725 paucis
931 2647 1156 2723 transit,
1197 2668 1312 2709 nec
1349 2647 1435 2709 ibi
1475 2648 1771 2709 tardando
1798 2645 2120 2708 remansit:

484 2742 733 2805 Calisias
772 2744 898 2820 iuit,
942 2745 1045 2807 vbi
1085 2745 1322 2825 propria
1361 2765 1542 2823 regna
1581 2744 1832 2823 petiuit3

481 2841 640 2903 Cum
683 2841 922 2903 modica
963 2844 1150 2904 classe
1191 2841 1278 2903 sic
1319 2842 1767 2920 magnanimum
1808 2860 2103 2903 remeasse

481 2938 751 3013 Constat,
795 2950 856 3000 et
895 2939 960 2999 in
999 2938 1140 2999 naui
1183 2942 1306 3001 dux
1343 2939 1582 3000 ducitur
1621 2939 1766 3000 inde
1806 2938 1993 2998 suani.

482 3034 710 3097 Primas
752 3038 1103 3115 Anglorum,
1148 3048 1293 3097 tunc
1334 3038 1470 3097 exul
1511 3037 1721 3096 fraude
1763 3036 2075 3107 malorum,

481 3133 749 3194 Thomas
790 3135 1013 3195 deuote
1053 3144 1170 3194 stat
1209 3132 1310 3207 ibi,
1355 3132 1680 3193 comitante
1718 3143 1977 3209 nepote:

481 3230 621 3291 Hos
661 3231 784 3291 dux
823 3230 1049 3309 regalis,
1093 3228 1277 3291 veluti
1316 3230 1533 3309 gallina
1573 3230 1686 3290 sub
1726 3228 1852 3303 alia

480 3328 700 3389 Secum
740 3328 944 3389 votiua
983 3330 1181 3389 saluos
1222 3328 1392 3389 duxit
1432 3326 1732 3388 comitiua.

563 3427 721 3500 Dux,
766 3426 1006 3501 ComeS,
1050 3424 1336 3499 AntisteS,
1379 3425 1596 3504 pariter
1635 3422 1928 3485 solamina
1966 3421 2161 3485 tristes

482 3524 759 3600 Querunt
798 3534 1118 3602 sperantes,
1162 3522 1264 3584 vbi
1304 3523 1464 3585 venti
1506 3533 1645 3584 sunt
1683 3521 2011 3601 agitantes:

480 3622 636 3681 Vela
673 3631 886 3700 petunt
923 3632 1162 3699 portum
1204 3641 1386 3699 quem
1427 3640 1554 3681 sors
1593 3640 1781 3700 prope
1820 3618 2074 3681 contulit
2112 3630 2351 3694 ortum;

483 3718 567 3778 Vt
607 3718 730 3778 dux
769 3717 1060 3797 concepit,
1105 3718 1467 3797 Aquiloniae
1503 3718 1701 3779 littora
1741 3716 1915 3796 cepit.

483 3818 661 3877 Tunc
702 3816 888 3895 magis
928 3815 1144 3878 audaci
1184 3819 1352 3877 vultu
1393 3836 1534 3877 cum
1575 3816 1755 3895 plebe
1794 3814 2037 3894 sequaci

485 3914 777 3973 Exultans
821 3912 982 3989 dicit,
1029 3914 1195 3992 quod
1237 3912 1302 3973 in
1342 3915 1460 3975 hoc
1501 3912 1672 3992 quasi
1712 3911 1897 3991 prelia
1934 3912 2093 3973 vicit.

484 4011 578 4070 Ex
615 4009 820 4071 animo
857 4010 994 4071 forti
1035 4011 1281 4073 dederat
1322 4010 1484 4072 bona
1521 4007 1704 4072 corda
1744 4009 1994 4083 cohorti,

483 4109 670 4186 Quod
710 4107 868 4169 bene
908 4120 1226 4187 sperarent,
1271 4108 1558 4188 quicquid
1599 4107 1716 4168 sibi
1754 4108 1875 4167 fata
1914 4117 2203 4185 pararent,

482 4206 581 4267 Sic
622 4208 1077 4284 congaudentes
1120 4206 1234 4266 sub
1277 4224 1386 4283 spe
1426 4224 1546 4283 que
1585 4204 1770 4265 nichil
1810 4215 2160 4279 metuenteS,

483 4306 628 4380 Quo
669 4303 882 4365 melius
923 4314 1196 4382 querunt,
1241 4322 1426 4364 naues
1466 4302 1642 4363 simul
1680 4301 2130 4381 applicuerunt:

723 4440 811 4491 131
839 4424 988 4477 miles
1009 4426 1190 4477 CHH³
1257 4426 1390 4477 viles
1415 4426 1454 4475 S
1655 4439 1749 4487 ¹45
1771 4424 1947 4491 quasi]
1970 4440 2063 4475 sua
2088 4424 2141 4475 H

2436 3446 2529 3497 140

2550 459 2673 521 333

2433 1497 2529 1534 120

2621 1684 2760 1735 Nota
2796 1684 3018 1749 qualiter
3054 1693 3174 1749 post

2553 1751 2749 1803 obitum
2760 1750 3005 1814 patrissui
3029 1751 3173 1802 ducis

2558 1816 2859 1868 Lancastrie
2919 1816 3173 1866 nobilissi-

2557 1898 2672 1932 mus
2694 1882 2829 1933 filius
2844 1898 2969 1933 suus
2986 1884 3174 1932 Comen

2554 1949 2981 2013 antedictus,tunc
2989 1949 3173 1997 deiure

2557 2016 2680 2079 dux,
2707 2021 2763 2063 vt
2783 2015 2897 2077 ipse
2920 2014 3175 2063 heredita-

2555 2087 2660 2129 tem
2681 2095 2827 2131 suam
2857 2078 3175 2137 vendicaret,

2556 2148 2625 2195 de
2674 2145 2905 2209 partibus
2960 2145 3175 2194 Francie

2556 2212 2769 2273 prouiso
2792 2210 3061 2273 sapienter
3094 2208 3176 2259 iti-

2556 2292 2684 2327 nere
2701 2276 2921 2326 Calisias
2934 2274 3073 2337 adiit,
3090 2275 3175 2323 vbi

2558 2357 2672 2392 cum
2723 2343 2929 2391 domino
2975 2340 3177 2390 Thoma

2556 2406 2915 2457 Cantuariensi
2962 2405 3177 2456 Archie-

2439 2470 2533 2520 130
2558 2473 2790 2536 piscopo,
2813 2486 3017 2522 necnon
3041 2472 3179 2522 Tho-

2558 2552 2642 2587 ma
2664 2538 2770 2587 filio
2791 2546 2844 2588 et
2863 2538 3059 2587 herede
3084 2538 3176 2588 Ri-

2559 2605 2703 2653 cardi
2745 2603 2963 2654 Comitis
3004 2605 3176 2653 Arun-

2558 2670 2731 2731 dellie,
2743 2679 2797 2719 vt
2806 2670 3079 2733 prefertur,
3088 2670 3177 2718 de-

2560 2736 2734 2797 functi,
2768 2741 2826 2783 vt
2853 2735 2908 2783 in
2934 2734 3175 2795 Angliam

2557 2802 2929 2858 transfretaret,
3002 2798 3174 2848 Cristo

2557 2881 2615 2915 se
2624 2866 2982 2916 commendans
2992 2879 3176 2914 nauem

2530 2932 2812 2983 ‚ascendia

2598 3510 3175 3574 Qualiternobilisnen·

2555 3579 2709 3641 ricus,
2736 3587 2858 3628 tunc
2894 3578 3015 3628 Dux
3040 3578 3175 3627 Lan-

2555 3644 2757 3707 castrie‚
2784 3659 2883 3707 per
2904 3660 3046 3694 mare
3084 3660 3173 3693 na-

2552 3710 2779 3773 uigando
2811 3717 3017 3772 portum
3049 3724 3177 3771 que-

2554 3790 2677 3826 rens
2740 3776 2952 3825 tandem
3007 3790 3173 3838 prope

2556 3841 2919 3903 Grymmesby,
3000 3840 3173 3890 Cristo

2554 3908 2833 3966 mediante,
2846 3906 3017 3957 littora
3035 3906 3171 3969 paci-

2555 3973 2651 4023 fica
2672 3973 2885 4023 sortitus
2906 3980 3001 4022 est.
