<?xml version="1.0" encoding="UTF-8"?>
<!DOCTYPE html PUBLIC "-//W3C//DTD XHTML 1.0 Transitional//EN"
    "http://www.w3.org/TR/xhtml1/DTD/xhtml1-transitional.dtd">
<html xmlns="http://www.w3.org/1999/xhtml" xml:lang="en" lang="en">
 <head>
  <title>
</title>
<meta http-equiv="Content-Type" content="text/html;charset=utf-8" />
  <meta name='ocr-system' content='tesseract 3.04.00' />
  <meta name='ocr-capabilities' content='ocr_page ocr_carea ocr_par ocr_line ocrx_word'/>
</head>
<body>
  <div class='ocr_page' id='page_1' title='image "./completeworksjo01macagoog_0427.png"; bbox 0 0 3434 5142; ppageno 0'>
   <div class='ocr_carea' id='block_1_1' title="bbox 381 612 2305 4507">
    <p class='ocr_par' dir='ltr' id='par_1_1' title="bbox 381 612 2305 4507">
     <span class='ocr_line' id='line_1_1' title="bbox 473 612 2257 694; baseline -0.002 -17"><span class='ocrx_word' id='word_1_1' title='bbox 473 612 703 677; x_wconf 87' lang='lat' dir='ltr'><strong>Cristus</strong></span> <span class='ocrx_word' id='word_1_2' title='bbox 743 614 945 675; x_wconf 87' lang='lat' dir='ltr'><strong>adhuc</strong></span> <span class='ocrx_word' id='word_1_3' title='bbox 985 624 1252 676; x_wconf 79' lang='lat' dir='ltr'><strong>mentem</strong></span> <span class='ocrx_word' id='word_1_4' title='bbox 1289 612 1464 675; x_wconf 86' lang='lat' dir='ltr'><strong>ducis</strong></span> <span class='ocrx_word' id='word_1_5' title='bbox 1505 612 1684 673; x_wconf 86' lang='lat' dir='ltr'><strong>efficit</strong></span> <span class='ocrx_word' id='word_1_6' title='bbox 1724 632 1857 675; x_wconf 88' lang='lat' dir='ltr'><strong>esse</strong></span> <span class='ocrx_word' id='word_1_7' title='bbox 1894 621 2257 694; x_wconf 77' lang='lat' dir='ltr'><strong>manentem=</strong></span> 
     </span>
     <span class='ocr_line' id='line_1_2' title="bbox 472 710 1916 785; baseline -0.001 -11"><span class='ocrx_word' id='word_1_8' title='bbox 472 711 805 775; x_wconf 88' lang='lat' dir='ltr'><strong>Londoniis</strong></span> <span class='ocrx_word' id='word_1_9' title='bbox 845 714 1000 774; x_wconf 81' lang='lat' dir='ltr'><strong>fes-to</strong></span> <span class='ocrx_word' id='word_1_10' title='bbox 1041 710 1357 773; x_wconf 75' lang='lat' dir='ltr'>Michaelis</span> <span class='ocrx_word' id='word_1_11' title='bbox 1392 721 1542 773; x_wconf 85' lang='lat' dir='ltr'><strong>tunc</strong></span> <span class='ocrx_word' id='word_1_12' title='bbox 1581 710 1916 785; x_wconf 79' lang='lat' dir='ltr'><strong>manifeste,</strong></span> 
     </span>
     <span class='ocr_line' id='line_1_3' title="bbox 471 808 1955 889; baseline -0.003 -17"><span class='ocrx_word' id='word_1_13' title='bbox 471 812 643 872; x_wconf 89' lang='lat' dir='ltr'><strong>Stent</strong></span> <span class='ocrx_word' id='word_1_14' title='bbox 682 822 744 871; x_wconf 91' lang='lat' dir='ltr'><strong>vt</strong></span> <span class='ocrx_word' id='word_1_15' title='bbox 783 810 870 872; x_wconf 90' lang='lat' dir='ltr'><strong>ibi</strong></span> <span class='ocrx_word' id='word_1_16' title='bbox 910 820 1054 885; x_wconf 82' lang='lat' dir='ltr'><strong>tuta,</strong></span> <span class='ocrx_word' id='word_1_17' title='bbox 1099 819 1239 871; x_wconf 85' lang='lat' dir='ltr'><strong>sunt</strong></span> <span class='ocrx_word' id='word_1_18' title='bbox 1271 808 1665 889; x_wconf 77' lang='lat' dir='ltr'><strong>parliamenta</strong></span> <span class='ocrx_word' id='word_1_19' title='bbox 1699 818 1955 869; x_wconf 80' lang='lat' dir='ltr'><strong>statuta:</strong></span> 
     </span>
     <span class='ocr_line' id='line_1_4' title="bbox 472 904 2017 985; baseline -0.001 -16"><span class='ocrx_word' id='word_1_20' title='bbox 472 907 745 984; x_wconf 86' lang='lat' dir='ltr'><strong>Quilibet</strong></span> <span class='ocrx_word' id='word_1_21' title='bbox 783 908 1041 970; x_wconf 86' lang='lat' dir='ltr'><strong>attendit</strong></span> <span class='ocrx_word' id='word_1_22' title='bbox 1079 926 1200 985; x_wconf 88' lang='lat' dir='ltr'><strong>que</strong></span> <span class='ocrx_word' id='word_1_23' title='bbox 1241 926 1368 969; x_wconf 85' lang='lat' dir='ltr'><strong>sors</strong></span> <span class='ocrx_word' id='word_1_24' title='bbox 1409 905 1525 968; x_wconf 86' lang='lat' dir='ltr'><strong>sibi</strong></span> <span class='ocrx_word' id='word_1_25' title='bbox 1566 907 1688 967; x_wconf 76' lang='lat' dir='ltr'><strong>fata</strong></span> <span class='ocrx_word' id='word_1_26' title='bbox 1726 904 2017 985; x_wconf 87' lang='lat' dir='ltr'><strong>rependit,</strong></span> 
     </span>
     <span class='ocr_line' id='line_1_5' title="bbox 471 1004 2030 1085; baseline -0.003 -18"><span class='ocrx_word' id='word_1_27' title='bbox 471 1006 722 1085; x_wconf 87' lang='lat' dir='ltr'><strong>Semper</strong></span> <span class='ocrx_word' id='word_1_28' title='bbox 760 1017 820 1067; x_wconf 91' lang='lat' dir='ltr'><strong>et</strong></span> <span class='ocrx_word' id='word_1_29' title='bbox 859 1004 924 1065; x_wconf 90' lang='lat' dir='ltr'><strong>in</strong></span> <span class='ocrx_word' id='word_1_30' title='bbox 963 1015 1141 1085; x_wconf 79' lang='lat' dir='ltr'><strong>gente</strong></span> <span class='ocrx_word' id='word_1_31' title='bbox 1181 1007 1249 1065; x_wconf 85' lang='lat' dir='ltr'><strong>fit</strong></span> <span class='ocrx_word' id='word_1_32' title='bbox 1289 1023 1557 1065; x_wconf 76' lang='lat' dir='ltr'><strong>murmur</strong></span> <span class='ocrx_word' id='word_1_33' title='bbox 1595 1024 1733 1083; x_wconf 87' lang='lat' dir='ltr'><strong>rege</strong></span> <span class='ocrx_word' id='word_1_34' title='bbox 1772 1014 2030 1083; x_wconf 83' lang='lat' dir='ltr'><strong>regente.</strong></span> 
     </span>
     <span class='ocr_line' id='line_1_6' title="bbox 553 1100 2107 1165; baseline -0.001 -2"><span class='ocrx_word' id='word_1_35' title='bbox 553 1105 790 1165; x_wconf 76' lang='lat' dir='ltr'><strong>Interea</strong></span> <span class='ocrx_word' id='word_1_36' title='bbox 827 1103 1038 1164; x_wconf 79' lang='lat' dir='ltr'><strong>transit</strong></span> <span class='ocrx_word' id='word_1_37' title='bbox 1075 1102 1337 1165; x_wconf 88' lang='lat' dir='ltr'><strong>moriens</strong></span> <span class='ocrx_word' id='word_1_38' title='bbox 1379 1122 1492 1163; x_wconf 89' lang='lat' dir='ltr'><strong>nec</strong></span> <span class='ocrx_word' id='word_1_39' title='bbox 1531 1101 1595 1162; x_wconf 85' lang='lat' dir='ltr'><strong>in</strong></span> <span class='ocrx_word' id='word_1_40' title='bbox 1637 1103 1785 1163; x_wconf 91' lang='lat' dir='ltr'><strong>orbe</strong></span> <span class='ocrx_word' id='word_1_41' title='bbox 1822 1100 2107 1163; x_wconf 79' lang='lat' dir='ltr'><strong>remansit</strong></span> 
     </span>
     <span class='ocr_line' id='line_1_7' title="bbox 471 1199 2178 1275; baseline -0.002 -13"><span class='ocrx_word' id='word_1_42' title='bbox 471 1202 847 1275; x_wconf 83' lang='lat' dir='ltr'><strong>Humfredus</strong></span> <span class='ocrx_word' id='word_1_43' title='bbox 885 1202 1100 1275; x_wconf 85' lang='lat' dir='ltr'><strong>dictus,</strong></span> <span class='ocrx_word' id='word_1_44' title='bbox 1143 1200 1333 1262; x_wconf 88' lang='lat' dir='ltr'><strong>redit</strong></span> <span class='ocrx_word' id='word_1_45' title='bbox 1371 1200 1498 1261; x_wconf 89' lang='lat' dir='ltr'><strong>ille</strong></span> <span class='ocrx_word' id='word_1_46' title='bbox 1538 1201 1676 1261; x_wconf 90' lang='lat' dir='ltr'><strong>deo</strong></span> <span class='ocrx_word' id='word_1_47' title='bbox 1716 1199 2178 1261; x_wconf 86' lang='lat' dir='ltr'><strong>benedictus:</strong></span> 
     </span>
     <span class='ocr_line' id='line_1_8' title="bbox 471 1298 1827 1378; baseline -0.001 -19"><span class='ocrx_word' id='word_1_48' title='bbox 471 1300 778 1361; x_wconf 85' lang='lat' dir='ltr'><strong>Defuncto</strong></span> <span class='ocrx_word' id='word_1_49' title='bbox 818 1309 980 1374; x_wconf 85' lang='lat' dir='ltr'><strong>nato,</strong></span> <span class='ocrx_word' id='word_1_50' title='bbox 1023 1298 1148 1361; x_wconf 86' lang='lat' dir='ltr'><strong>cito</strong></span> <span class='ocrx_word' id='word_1_51' title='bbox 1186 1309 1326 1378; x_wconf 84' lang='lat' dir='ltr'><strong>post</strong></span> <span class='ocrx_word' id='word_1_52' title='bbox 1364 1299 1446 1359; x_wconf 91' lang='lat' dir='ltr'><strong>de</strong></span> <span class='ocrx_word' id='word_1_53' title='bbox 1485 1300 1605 1359; x_wconf 86' lang='lat' dir='ltr'><strong>fine</strong></span> <span class='ocrx_word' id='word_1_54' title='bbox 1645 1299 1827 1360; x_wconf 80' lang='lat' dir='ltr'><strong>beato</strong></span> 
     </span>
     <span class='ocr_line' id='line_1_9' title="bbox 471 1395 1853 1470; baseline -0.002 -12"><span class='ocrx_word' id='word_1_55' title='bbox 471 1398 671 1459; x_wconf 85' lang='lat' dir='ltr'><strong>Mater</strong></span> <span class='ocrx_word' id='word_1_56' title='bbox 709 1397 996 1470; x_wconf 83' lang='lat' dir='ltr'><strong>transiuit,</strong></span> <span class='ocrx_word' id='word_1_57' title='bbox 1039 1395 1166 1458; x_wconf 86' lang='lat' dir='ltr'><strong>nati</strong></span> <span class='ocrx_word' id='word_1_58' title='bbox 1207 1397 1354 1458; x_wconf 88' lang='lat' dir='ltr'><strong>dum</strong></span> <span class='ocrx_word' id='word_1_59' title='bbox 1393 1398 1603 1457; x_wconf 73' lang='lat' dir='ltr'><strong>funem</strong></span> <span class='ocrx_word' id='word_1_60' title='bbox 1641 1395 1853 1457; x_wconf 88' lang='lat' dir='ltr'><strong>sciuit:</strong></span> 
     </span>
     <span class='ocr_line' id='line_1_10' title="bbox 472 1494 1990 1573; baseline -0.001 -18"><span class='ocrx_word' id='word_1_61' title='bbox 472 1494 674 1556; x_wconf 90' lang='lat' dir='ltr'><strong>Primo</strong></span> <span class='ocrx_word' id='word_1_62' title='bbox 715 1495 972 1556; x_wconf 78' lang='lat' dir='ltr'><strong>decessit</strong></span> <span class='ocrx_word' id='word_1_63' title='bbox 1013 1494 1257 1573; x_wconf 77' lang='lat' dir='ltr'><strong>CignuS,</strong></span> <span class='ocrx_word' id='word_1_64' title='bbox 1303 1495 1476 1556; x_wconf 93' lang='lat' dir='ltr'><strong>dolor</strong></span> <span class='ocrx_word' id='word_1_65' title='bbox 1513 1496 1674 1555; x_wconf 90' lang='lat' dir='ltr'><strong>vnde</strong></span> <span class='ocrx_word' id='word_1_66' title='bbox 1714 1494 1990 1573; x_wconf 72' lang='lat' dir='ltr'><strong>repressit</strong></span> 
     </span>
     <span class='ocr_line' id='line_1_11' title="bbox 469 1582 2156 1679; baseline -0.002 -25"><span class='ocrx_word' id='word_1_67' title='bbox 469 1594 730 1654; x_wconf 88' lang='lat' dir='ltr'><strong>Matrem</strong></span> <span class='ocrx_word' id='word_1_68' title='bbox 769 1614 912 1654; x_wconf 88' lang='lat' dir='ltr'><strong>cum</strong></span> <span class='ocrx_word' id='word_1_69' title='bbox 952 1595 1135 1673; x_wconf 86' lang='lat' dir='ltr'><strong>pullo,</strong></span> <span class='ocrx_word' id='word_1_70' title='bbox 1179 1591 1296 1654; x_wconf 89' lang='lat' dir='ltr'><strong>sibi</strong></span> <span class='ocrx_word' id='word_1_71' title='bbox 1332 1612 1495 1653; x_wconf 88' lang='lat' dir='ltr'><strong>mors</strong></span> <span class='ocrx_word' id='word_1_72' title='bbox 1536 1612 1649 1653; x_wconf 89' lang='lat' dir='ltr'><strong>nec</strong></span> <span class='ocrx_word' id='word_1_73' title='bbox 1687 1590 1878 1671; x_wconf 86' lang='lat' dir='ltr'><strong>parcit</strong></span> <span class='ocrx_word' id='word_1_74' title='bbox 1902 1582 1981 1679; x_wconf 21' lang='lat' dir='ltr'><strong>‘in&#39;</strong></span> <span class='ocrx_word' id='word_1_75' title='bbox 2018 1592 2156 1653; x_wconf 81' lang='lat' dir='ltr'><strong>vllo.</strong></span> 
     </span>
     <span class='ocr_line' id='line_1_12' title="bbox 473 1687 2081 1770; baseline -0.001 -18"><span class='ocrx_word' id='word_1_76' title='bbox 473 1692 582 1752; x_wconf 88' lang='lat' dir='ltr'><strong>Est</strong></span> <span class='ocrx_word' id='word_1_77' title='bbox 621 1692 784 1769; x_wconf 87' lang='lat' dir='ltr'><strong>apud</strong></span> <span class='ocrx_word' id='word_1_78' title='bbox 824 1690 1105 1770; x_wconf 87' lang='lat' dir='ltr'><strong>antiquos</strong></span> <span class='ocrx_word' id='word_1_79' title='bbox 1143 1689 1392 1763; x_wconf 83' lang='lat' dir='ltr'><strong>dictum,</strong></span> <span class='ocrx_word' id='word_1_80' title='bbox 1439 1694 1457 1723; x_wconf 78' lang='lat'><strong><em>⁴</em></strong></span> <span class='ocrx_word' id='word_1_81' title='bbox 1476 1690 1813 1751; x_wconf 80' lang='lat' dir='ltr'><strong>Defunctus</strong></span> <span class='ocrx_word' id='word_1_82' title='bbox 1854 1687 2081 1751; x_wconf 83' lang='lat' dir='ltr'><strong>amicos</strong></span> 
     </span>
     <span class='ocr_line' id='line_1_13' title="bbox 469 1786 2047 1868; baseline 0.001 -22"><span class='ocrx_word' id='word_1_83' title='bbox 469 1786 586 1848; x_wconf 89' lang='lat' dir='ltr'><strong>Vix</strong></span> <span class='ocrx_word' id='word_1_84' title='bbox 615 1788 846 1863; x_wconf 88' lang='lat' dir='ltr'><strong>·habet,’</strong></span> <span class='ocrx_word' id='word_1_85' title='bbox 884 1808 924 1849; x_wconf 91' lang='lat' dir='ltr'><strong>a</strong></span> <span class='ocrx_word' id='word_1_86' title='bbox 962 1798 1130 1868; x_wconf 84' lang='lat' dir='ltr'><strong>tergo</strong></span> <span class='ocrx_word' id='word_1_87' title='bbox 1167 1798 1379 1849; x_wconf 82' lang='lat' dir='ltr'><strong>caueat</strong></span> <span class='ocrx_word' id='word_1_88' title='bbox 1419 1786 1536 1848; x_wconf 86' lang='lat' dir='ltr'><strong>sibi</strong></span> <span class='ocrx_word' id='word_1_89' title='bbox 1575 1786 1829 1865; x_wconf 84' lang='lat' dir='ltr'><strong>quilibet</strong></span> <span class='ocrx_word' id='word_1_90' title='bbox 1868 1806 2047 1866; x_wconf 83' lang='lat' dir='ltr'><strong>ergo:</strong></span> 
     </span>
     <span class='ocr_line' id='line_1_14' title="bbox 467 1884 2195 1965; baseline -0.002 -19"><span class='ocrx_word' id='word_1_91' title='bbox 467 1884 743 1963; x_wconf 87' lang='lat' dir='ltr'><strong>Quisque</strong></span> <span class='ocrx_word' id='word_1_92' title='bbox 772 1905 948 1947; x_wconf 88' lang='lat' dir='ltr'><strong>suum</strong></span> <span class='ocrx_word' id='word_1_93' title='bbox 989 1896 1201 1965; x_wconf 89' lang='lat' dir='ltr'><strong>pectus</strong></span> <span class='ocrx_word' id='word_1_94' title='bbox 1243 1896 1445 1963; x_wconf 83' lang='lat' dir='ltr'><strong>tangat</strong></span> <span class='ocrx_word' id='word_1_95' title='bbox 1485 1885 1696 1946; x_wconf 79' lang='lat' dir='ltr'><strong>vinens</strong></span> <span class='ocrx_word' id='word_1_96' title='bbox 1738 1886 1925 1947; x_wconf 88' lang='lat' dir='ltr'><strong>horno</strong></span> <span class='ocrx_word' id='word_1_97' title='bbox 1964 1894 2195 1957; x_wconf 56' lang='lat' dir='ltr'><strong>recum,⁴</strong></span> 
     </span>
     <span class='ocr_line' id='line_1_15' title="bbox 471 1981 2009 2063; baseline 0 -20"><span class='ocrx_word' id='word_1_98' title='bbox 471 1982 605 2043; x_wconf 91' lang='lat' dir='ltr'><strong>Nec</strong></span> <span class='ocrx_word' id='word_1_99' title='bbox 645 1982 732 2044; x_wconf 88' lang='lat' dir='ltr'><strong>sic</strong></span> <span class='ocrx_word' id='word_1_100' title='bbox 769 1983 1070 2063; x_wconf 85' lang='lat' dir='ltr'><strong>gaudebit,</strong></span> <span class='ocrx_word' id='word_1_101' title='bbox 1117 1982 1261 2062; x_wconf 88' lang='lat' dir='ltr'><strong>quia</strong></span> <span class='ocrx_word' id='word_1_102' title='bbox 1301 1984 1532 2061; x_wconf 81' lang='lat' dir='ltr'><strong>singula</strong></span> <span class='ocrx_word' id='word_1_103' title='bbox 1571 2002 1727 2043; x_wconf 84' lang='lat' dir='ltr'><strong>vana</strong></span> <span class='ocrx_word' id='word_1_104' title='bbox 1764 1981 2009 2044; x_wconf 81' lang='lat' dir='ltr'><strong>videbit.</strong></span> 
     </span>
     <span class='ocr_line' id='line_1_16' title="bbox 469 2078 2239 2158; baseline -0.001 -18"><span class='ocrx_word' id='word_1_105' title='bbox 469 2080 740 2143; x_wconf 88' lang='lat' dir='ltr'><strong>Scribere</strong></span> <span class='ocrx_word' id='word_1_106' title='bbox 779 2080 899 2143; x_wconf 81' lang='lat' dir='ltr'><strong>iam</strong></span> <span class='ocrx_word' id='word_1_107' title='bbox 939 2092 1136 2155; x_wconf 85' lang='lat' dir='ltr'><strong>restat,</strong></span> <span class='ocrx_word' id='word_1_108' title='bbox 1177 2100 1300 2158; x_wconf 90' lang='lat' dir='ltr'><strong>que</strong></span> <span class='ocrx_word' id='word_1_109' title='bbox 1340 2081 1603 2141; x_wconf 88' lang='lat' dir='ltr'><strong>mundus</strong></span> <span class='ocrx_word' id='word_1_110' title='bbox 1637 2082 1845 2142; x_wconf 86' lang='lat' dir='ltr'><strong>adhuc</strong></span> <span class='ocrx_word' id='word_1_111' title='bbox 1884 2078 2239 2153; x_wconf 70' lang='lat' dir='ltr'><strong>manifestat,</strong></span> 
     </span>
     <span class='ocr_line' id='line_1_17' title="bbox 381 2178 1982 2267; baseline 0.001 -30"><span class='ocrx_word' id='word_1_112' title='bbox 381 2196 395 2213; x_wconf 93' lang='lat'><strong>·</strong></span> <span class='ocrx_word' id='word_1_113' title='bbox 471 2178 555 2239; x_wconf 91' lang='lat' dir='ltr'><strong>Vt</strong></span> <span class='ocrx_word' id='word_1_114' title='bbox 594 2178 672 2239; x_wconf 91' lang='lat' dir='ltr'><strong>sit</strong></span> <span class='ocrx_word' id='word_1_115' title='bbox 711 2198 864 2267; x_wconf 81' lang='lat' dir='ltr'><strong>opus</strong></span> <span class='ocrx_word' id='word_1_116' title='bbox 907 2182 1024 2240; x_wconf 83' lang='lat' dir='ltr'><strong>tale</strong></span> <span class='ocrx_word' id='word_1_117' title='bbox 1065 2179 1298 2239; x_wconf 84' lang='lat' dir='ltr'><strong>cunetis</strong></span> <span class='ocrx_word' id='word_1_118' title='bbox 1339 2180 1652 2266; x_wconf 84' lang='lat' dir='ltr'><strong>speculum</strong></span> <span class='ocrx_word' id='word_1_119' title='bbox 1691 2179 1982 2257; x_wconf 85' lang='lat' dir='ltr'><strong>generale.</strong></span> 
     </span>
     <span class='ocr_line' id='line_1_18' title="bbox 549 2262 2108 2356; baseline 0 -19"><span class='ocrx_word' id='word_1_120' title='bbox 549 2276 729 2337; x_wconf 89' lang='lat' dir='ltr'><strong>Tunc</strong></span> <span class='ocrx_word' id='word_1_121' title='bbox 767 2276 930 2356; x_wconf 88' lang='lat' dir='ltr'><strong>prius</strong></span> <span class='ocrx_word' id='word_1_122' title='bbox 969 2276 1210 2355; x_wconf 77' lang='lat' dir='ltr'><strong>incepta</strong></span> <span class='ocrx_word' id='word_1_123' title='bbox 1247 2287 1388 2337; x_wconf 87' lang='lat' dir='ltr'><strong>sunt</strong></span> <span class='ocrx_word' id='word_1_124' title='bbox 1424 2262 1816 2355; x_wconf 81' lang='lat' dir='ltr'><strong>parliamenta</strong></span> <span class='ocrx_word' id='word_1_125' title='bbox 1854 2284 2108 2355; x_wconf 73' lang='lat' dir='ltr'><strong>recepta,</strong></span> 
     </span>
     <span class='ocr_line' id='line_1_19' title="bbox 473 2372 1961 2451; baseline 0.001 -19"><span class='ocrx_word' id='word_1_126' title='bbox 473 2374 568 2433; x_wconf 90' lang='lat' dir='ltr'><strong>De</strong></span> <span class='ocrx_word' id='word_1_127' title='bbox 596 2374 816 2451; x_wconf 90' lang='lat' dir='ltr'><strong>quibus</strong></span> <span class='ocrx_word' id='word_1_128' title='bbox 855 2375 1188 2435; x_wconf 86' lang='lat' dir='ltr'><strong>abstractus</strong></span> <span class='ocrx_word' id='word_1_129' title='bbox 1231 2372 1475 2435; x_wconf 81' lang='lat' dir='ltr'><strong>Ricardi</strong></span> <span class='ocrx_word' id='word_1_130' title='bbox 1513 2372 1737 2435; x_wconf 87' lang='lat' dir='ltr'><strong>desinit</strong></span> <span class='ocrx_word' id='word_1_131' title='bbox 1776 2385 1961 2435; x_wconf 80' lang='lat' dir='ltr'><strong>actus,</strong></span> 
     </span>
     <span class='ocr_line' id='line_1_20' title="bbox 472 2469 2019 2550; baseline 0 -19"><span class='ocrx_word' id='word_1_132' title='bbox 472 2472 634 2532; x_wconf 92' lang='lat' dir='ltr'><strong>Ecce</strong></span> <span class='ocrx_word' id='word_1_133' title='bbox 674 2469 804 2533; x_wconf 89' lang='lat' dir='ltr'><strong>dies</strong></span> <span class='ocrx_word' id='word_1_134' title='bbox 847 2471 1076 2544; x_wconf 76' lang='lat' dir='ltr'><strong>MartiS,</strong></span> <span class='ocrx_word' id='word_1_135' title='bbox 1119 2490 1235 2532; x_wconf 89' lang='lat' dir='ltr'><strong>nec</strong></span> <span class='ocrx_word' id='word_1_136' title='bbox 1274 2473 1446 2546; x_wconf 74' lang='lat' dir='ltr'><strong>adest</strong></span> <span class='ocrx_word' id='word_1_137' title='bbox 1485 2470 1785 2550; x_wconf 86' lang='lat' dir='ltr'><strong>presentia</strong></span> <span class='ocrx_word' id='word_1_138' title='bbox 1822 2471 2019 2549; x_wconf 71' lang='lat' dir='ltr'><strong>partiS,</strong></span> 
     </span>
     <span class='ocr_line' id='line_1_21' title="bbox 473 2568 2163 2649; baseline 0.001 -21"><span class='ocrx_word' id='word_1_139' title='bbox 473 2569 618 2629; x_wconf 89' lang='lat' dir='ltr'><strong>Non</strong></span> <span class='ocrx_word' id='word_1_140' title='bbox 659 2571 828 2631; x_wconf 87' lang='lat' dir='ltr'><strong>sedet</strong></span> <span class='ocrx_word' id='word_1_141' title='bbox 867 2568 932 2630; x_wconf 94' lang='lat' dir='ltr'><strong>in</strong></span> <span class='ocrx_word' id='word_1_142' title='bbox 973 2570 1134 2643; x_wconf 89' lang='lat' dir='ltr'><strong>sede,</strong></span> <span class='ocrx_word' id='word_1_143' title='bbox 1177 2588 1360 2647; x_wconf 89' lang='lat' dir='ltr'><strong>quem</strong></span> <span class='ocrx_word' id='word_1_144' title='bbox 1402 2571 1580 2648; x_wconf 86' lang='lat' dir='ltr'><strong>culpa</strong></span> <span class='ocrx_word' id='word_1_145' title='bbox 1618 2569 1850 2649; x_wconf 84' lang='lat' dir='ltr'><strong>repellit</strong></span> <span class='ocrx_word' id='word_1_146' title='bbox 1889 2568 1970 2628; x_wconf 82' lang='lat' dir='ltr'><strong>ab</strong></span> <span class='ocrx_word' id='word_1_147' title='bbox 2008 2569 2163 2643; x_wconf 80' lang='lat' dir='ltr'><strong>ede3</strong></span> 
     </span>
     <span class='ocr_line' id='line_1_22' title="bbox 475 2666 2048 2745; baseline 0.001 -19"><span class='ocrx_word' id='word_1_148' title='bbox 475 2666 747 2745; x_wconf 79' lang='lat' dir='ltr'><strong>Denegat</strong></span> <span class='ocrx_word' id='word_1_149' title='bbox 787 2667 850 2727; x_wconf 88' lang='lat' dir='ltr'><strong>in</strong></span> <span class='ocrx_word' id='word_1_150' title='bbox 892 2686 1120 2729; x_wconf 84' lang='lat' dir='ltr'><strong>scanno</strong></span> <span class='ocrx_word' id='word_1_151' title='bbox 1158 2669 1293 2729; x_wconf 81' lang='lat' dir='ltr'><strong>loca</strong></span> <span class='ocrx_word' id='word_1_152' title='bbox 1333 2678 1477 2728; x_wconf 86' lang='lat' dir='ltr'><strong>tunc</strong></span> <span class='ocrx_word' id='word_1_153' title='bbox 1517 2669 1759 2729; x_wconf 87' lang='lat' dir='ltr'><strong>fortuna</strong></span> <span class='ocrx_word' id='word_1_154' title='bbox 1796 2666 2048 2740; x_wconf 77' lang='lat' dir='ltr'><strong>tiramm,</strong></span> 
     </span>
     <span class='ocr_line' id='line_1_23' title="bbox 472 2763 1889 2843; baseline 0.001 -19"><span class='ocrx_word' id='word_1_155' title='bbox 472 2766 532 2824; x_wconf 88' lang='lat' dir='ltr'>A</span> <span class='ocrx_word' id='word_1_156' title='bbox 569 2763 700 2825; x_wconf 83' lang='lat' dir='ltr'><strong>visu</strong></span> <span class='ocrx_word' id='word_1_157' title='bbox 741 2764 932 2843; x_wconf 83' lang='lat' dir='ltr'><strong>gentis</strong></span> <span class='ocrx_word' id='word_1_158' title='bbox 973 2784 1156 2843; x_wconf 87' lang='lat' dir='ltr'><strong>quem</strong></span> <span class='ocrx_word' id='word_1_159' title='bbox 1197 2764 1402 2827; x_wconf 86' lang='lat' dir='ltr'><strong>terruit</strong></span> <span class='ocrx_word' id='word_1_160' title='bbox 1439 2766 1610 2826; x_wconf 84' lang='lat' dir='ltr'><strong>accio</strong></span> <span class='ocrx_word' id='word_1_161' title='bbox 1652 2764 1889 2827; x_wconf 75' lang='lat' dir='ltr'><strong>mentis·</strong></span> 
     </span>
     <span class='ocr_line' id='line_1_24' title="bbox 473 2862 2015 2941; baseline 0.001 -20"><span class='ocrx_word' id='word_1_162' title='bbox 473 2862 548 2921; x_wconf 85' lang='lat' dir='ltr'><strong>R.</strong></span> <span class='ocrx_word' id='word_1_163' title='bbox 593 2881 718 2923; x_wconf 87' lang='lat' dir='ltr'><strong>non</strong></span> <span class='ocrx_word' id='word_1_164' title='bbox 757 2874 1081 2941; x_wconf 88' lang='lat' dir='ltr'><strong>comparet,</strong></span> <span class='ocrx_word' id='word_1_165' title='bbox 1125 2862 1269 2925; x_wconf 88' lang='lat' dir='ltr'><strong>alibi</strong></span> <span class='ocrx_word' id='word_1_166' title='bbox 1309 2875 1400 2924; x_wconf 91' lang='lat' dir='ltr'><strong>set</strong></span> <span class='ocrx_word' id='word_1_167' title='bbox 1439 2864 1777 2925; x_wconf 88' lang='lat' dir='ltr'><strong>dummodo</strong></span> <span class='ocrx_word' id='word_1_168' title='bbox 1818 2872 2015 2935; x_wconf 82' lang='lat' dir='ltr'><strong>staret,</strong></span> 
     </span>
     <span class='ocr_line' id='line_1_25' title="bbox 475 2959 2168 3039; baseline -0.001 -17"><span class='ocrx_word' id='word_1_169' title='bbox 475 2960 700 3022; x_wconf 80' lang='lat' dir='ltr'><strong>Causas</strong></span> <span class='ocrx_word' id='word_1_170' title='bbox 739 2961 1016 3039; x_wconf 77' lang='lat' dir='ltr'><strong>assignat,</strong></span> <span class='ocrx_word' id='word_1_171' title='bbox 1062 2960 1281 3039; x_wconf 88' lang='lat' dir='ltr'><strong>quibus</strong></span> <span class='ocrx_word' id='word_1_172' title='bbox 1325 2964 1407 3021; x_wconf 91' lang='lat' dir='ltr'><strong>H.</strong></span> <span class='ocrx_word' id='word_1_173' title='bbox 1453 2982 1562 3022; x_wconf 79' lang='lat' dir='ltr'><strong>sua</strong></span> <span class='ocrx_word' id='word_1_174' title='bbox 1601 2972 1836 3039; x_wconf 83' lang='lat' dir='ltr'><strong>sceptra</strong></span> <span class='ocrx_word' id='word_1_175' title='bbox 1876 2959 2168 3039; x_wconf 84' lang='lat' dir='ltr'><strong>resignat:</strong></span> 
     </span>
     <span class='ocr_line' id='line_1_26' title="bbox 469 3056 2023 3135; baseline 0 -18"><span class='ocrx_word' id='word_1_176' title='bbox 469 3056 788 3118; x_wconf 85' lang='lat' dir='ltr'><strong>Substituit</strong></span> <span class='ocrx_word' id='word_1_177' title='bbox 825 3057 1058 3135; x_wconf 85' lang='lat' dir='ltr'><strong>aliquos</strong></span> <span class='ocrx_word' id='word_1_178' title='bbox 1099 3076 1374 3135; x_wconf 87' lang='lat' dir='ltr'><strong>proceres</strong></span> <span class='ocrx_word' id='word_1_179' title='bbox 1413 3068 1558 3117; x_wconf 86' lang='lat' dir='ltr'><strong>tunc</strong></span> <span class='ocrx_word' id='word_1_180' title='bbox 1597 3056 1740 3118; x_wconf 85' lang='lat' dir='ltr'><strong>iuris</strong></span> <span class='ocrx_word' id='word_1_181' title='bbox 1779 3056 2023 3130; x_wconf 80' lang='lat' dir='ltr'><strong>amicoS,</strong></span> 
     </span>
     <span class='ocr_line' id='line_1_27' title="bbox 471 3153 2050 3234; baseline 0.001 -20"><span class='ocrx_word' id='word_1_182' title='bbox 471 3155 573 3214; x_wconf 91' lang='lat' dir='ltr'><strong>Ad</strong></span> <span class='ocrx_word' id='word_1_183' title='bbox 613 3173 767 3232; x_wconf 91' lang='lat' dir='ltr'><strong>quos</strong></span> <span class='ocrx_word' id='word_1_184' title='bbox 807 3156 1116 3215; x_wconf 85' lang='lat' dir='ltr'><strong>confessus</strong></span> <span class='ocrx_word' id='word_1_185' title='bbox 1156 3153 1397 3233; x_wconf 85' lang='lat' dir='ltr'><strong>proprio</strong></span> <span class='ocrx_word' id='word_1_186' title='bbox 1437 3154 1550 3215; x_wconf 84' lang='lat' dir='ltr'><strong>fuit</strong></span> <span class='ocrx_word' id='word_1_187' title='bbox 1584 3174 1692 3215; x_wconf 88' lang='lat' dir='ltr'><strong>ore</strong></span> <span class='ocrx_word' id='word_1_188' title='bbox 1734 3174 2050 3234; x_wconf 86' lang='lat' dir='ltr'><strong>repressus.</strong></span> 
     </span>
     <span class='ocr_line' id='line_1_28' title="bbox 471 3249 2023 3330; baseline 0.001 -17"><span class='ocrx_word' id='word_1_189' title='bbox 471 3250 613 3313; x_wconf 88' lang='lat' dir='ltr'><strong>Hiis</strong></span> <span class='ocrx_word' id='word_1_190' title='bbox 651 3249 1100 3330; x_wconf 83' lang='lat' dir='ltr'><strong>circumspectis</strong></span> <span class='ocrx_word' id='word_1_191' title='bbox 1141 3250 1391 3330; x_wconf 88' lang='lat' dir='ltr'><strong>aliisque</strong></span> <span class='ocrx_word' id='word_1_192' title='bbox 1430 3252 1544 3312; x_wconf 90' lang='lat' dir='ltr'><strong>sub</strong></span> <span class='ocrx_word' id='word_1_193' title='bbox 1585 3251 1797 3314; x_wconf 89' lang='lat' dir='ltr'><strong>ordine</strong></span> <span class='ocrx_word' id='word_1_194' title='bbox 1838 3252 2023 3327; x_wconf 88' lang='lat' dir='ltr'><strong>lectis,</strong></span> 
     </span>
     <span class='ocr_line' id='line_1_29' title="bbox 471 3347 1916 3429; baseline 0.002 -20"><span class='ocrx_word' id='word_1_195' title='bbox 471 3350 568 3423; x_wconf 69' lang='lat' dir='ltr'><strong>R„</strong></span> <span class='ocrx_word' id='word_1_196' title='bbox 613 3348 718 3428; x_wconf 88' lang='lat' dir='ltr'><strong>qui</strong></span> <span class='ocrx_word' id='word_1_197' title='bbox 756 3347 1022 3428; x_wconf 69' lang='lat' dir='ltr'><strong>deliquit,</strong></span> <span class='ocrx_word' id='word_1_198' title='bbox 1066 3350 1230 3410; x_wconf 86' lang='lat' dir='ltr'><strong>hunc</strong></span> <span class='ocrx_word' id='word_1_199' title='bbox 1271 3348 1434 3410; x_wconf 88' lang='lat' dir='ltr'><strong>curia</strong></span> <span class='ocrx_word' id='word_1_200' title='bbox 1474 3360 1600 3410; x_wconf 89' lang='lat' dir='ltr'><strong>tota</strong></span> <span class='ocrx_word' id='word_1_201' title='bbox 1637 3350 1916 3429; x_wconf 80' lang='lat' dir='ltr'><strong>reliquit3</strong></span> 
     </span>
     <span class='ocr_line' id='line_1_30' title="bbox 473 3448 2128 3528; baseline 0.003 -20"><span class='ocrx_word' id='word_1_202' title='bbox 473 3449 662 3509; x_wconf 86' lang='lat' dir='ltr'><strong>Hunc</strong></span> <span class='ocrx_word' id='word_1_203' title='bbox 702 3448 1106 3527; x_wconf 83' lang='lat' dir='ltr'><strong>deponebant,</strong></span> <span class='ocrx_word' id='word_1_204' title='bbox 1149 3449 1398 3527; x_wconf 87' lang='lat' dir='ltr'><strong>plenum</strong></span> <span class='ocrx_word' id='word_1_205' title='bbox 1440 3468 1623 3528; x_wconf 86' lang='lat' dir='ltr'><strong>quem</strong></span> <span class='ocrx_word' id='word_1_206' title='bbox 1663 3450 1801 3511; x_wconf 87' lang='lat' dir='ltr'><strong>labe</strong></span> <span class='ocrx_word' id='word_1_207' title='bbox 1841 3450 2128 3525; x_wconf 86' lang='lat' dir='ltr'><strong>sciebant,</strong></span> 
     </span>
     <span class='ocr_line' id='line_1_31' title="bbox 471 3544 2148 3629; baseline 0.003 -23"><span class='ocrx_word' id='word_1_208' title='bbox 471 3546 533 3606; x_wconf 93' lang='lat' dir='ltr'>N</span> <span class='ocrx_word' id='word_1_209' title='bbox 533 3565 604 3607; x_wconf 89' lang='lat' dir='ltr'><strong>ec</strong></span> <span class='ocrx_word' id='word_1_210' title='bbox 645 3544 780 3625; x_wconf 90' lang='lat' dir='ltr'><strong>quis</strong></span> <span class='ocrx_word' id='word_1_211' title='bbox 822 3566 963 3608; x_wconf 90' lang='lat' dir='ltr'><strong>eum</strong></span> <span class='ocrx_word' id='word_1_212' title='bbox 1004 3558 1231 3626; x_wconf 84' lang='lat' dir='ltr'><strong>purgat,</strong></span> <span class='ocrx_word' id='word_1_213' title='bbox 1275 3546 1492 3609; x_wconf 88' lang='lat' dir='ltr'><strong>iterum</strong></span> <span class='ocrx_word' id='word_1_214' title='bbox 1533 3568 1613 3609; x_wconf 90' lang='lat' dir='ltr'><strong>ne</strong></span> <span class='ocrx_word' id='word_1_215' title='bbox 1653 3550 1805 3609; x_wconf 86' lang='lat' dir='ltr'><strong>forte</strong></span> <span class='ocrx_word' id='word_1_216' title='bbox 1846 3561 2107 3629; x_wconf 82' lang='lat' dir='ltr'><strong>resurgat</strong></span> <span class='ocrx_word' id='word_1_217' title='bbox 2134 3573 2148 3611; x_wconf 73' lang='grc' dir='ltr'>ε</span> 
     </span>
     <span class='ocr_line' id='line_1_32' title="bbox 469 3632 2305 3724; baseline 0.003 -20"><span class='ocrx_word' id='word_1_218' title='bbox 469 3645 649 3705; x_wconf 89' lang='lat' dir='ltr'><strong>Tunc</strong></span> <span class='ocrx_word' id='word_1_219' title='bbox 689 3646 876 3706; x_wconf 89' lang='lat' dir='ltr'><strong>decus</strong></span> <span class='ocrx_word' id='word_1_220' title='bbox 918 3632 1266 3723; x_wconf 85' lang='lat' dir='ltr'><strong>Anglorum‚</strong></span> <span class='ocrx_word' id='word_1_221' title='bbox 1311 3656 1402 3706; x_wconf 91' lang='lat' dir='ltr'><strong>set</strong></span> <span class='ocrx_word' id='word_1_222' title='bbox 1442 3655 1504 3707; x_wconf 91' lang='lat' dir='ltr'><strong>et</strong></span> <span class='ocrx_word' id='word_1_223' title='bbox 1543 3646 1809 3724; x_wconf 88' lang='lat' dir='ltr'><strong>optimus</strong></span> <span class='ocrx_word' id='word_1_224' title='bbox 1850 3646 1949 3709; x_wconf 87' lang='lat' dir='ltr'><strong>ille</strong></span> <span class='ocrx_word' id='word_1_225' title='bbox 1990 3649 2305 3722; x_wconf 88' lang='lat' dir='ltr'><strong>bonorum,</strong></span> 
     </span>
     <span class='ocr_line' id='line_1_33' title="bbox 473 3740 2021 3823; baseline 0.002 -21"><span class='ocrx_word' id='word_1_226' title='bbox 473 3742 560 3803; x_wconf 86' lang='lat' dir='ltr'><strong>H.</strong></span> <span class='ocrx_word' id='word_1_227' title='bbox 604 3740 716 3803; x_wconf 82' lang='lat' dir='ltr'><strong>fuit</strong></span> <span class='ocrx_word' id='word_1_228' title='bbox 757 3744 982 3803; x_wconf 87' lang='lat' dir='ltr'><strong>electus</strong></span> <span class='ocrx_word' id='word_1_229' title='bbox 1021 3762 1223 3821; x_wconf 88' lang='lat' dir='ltr'><strong>regno,</strong></span> <span class='ocrx_word' id='word_1_230' title='bbox 1267 3742 1455 3821; x_wconf 77' lang='lat' dir='ltr'><strong>magis</strong></span> <span class='ocrx_word' id='word_1_231' title='bbox 1496 3754 1586 3804; x_wconf 91' lang='lat' dir='ltr'><strong>est</strong></span> <span class='ocrx_word' id='word_1_232' title='bbox 1625 3744 1771 3823; x_wconf 88' lang='lat' dir='ltr'><strong>quia</strong></span> <span class='ocrx_word' id='word_1_233' title='bbox 1808 3754 2021 3806; x_wconf 87' lang='lat' dir='ltr'><strong>rectus.</strong></span> 
     </span>
     <span class='ocr_line' id='line_1_34' title="bbox 471 3838 1946 3920; baseline 0.001 -19"><span class='ocrx_word' id='word_1_234' title='bbox 471 3840 614 3901; x_wconf 85' lang='lat' dir='ltr'><strong>Sola</strong></span> <span class='ocrx_word' id='word_1_235' title='bbox 652 3838 782 3901; x_wconf 91' lang='lat' dir='ltr'><strong>dies</strong></span> <span class='ocrx_word' id='word_1_236' title='bbox 823 3850 1056 3901; x_wconf 88' lang='lat' dir='ltr'><strong>tentum</strong></span> <span class='ocrx_word' id='word_1_237' title='bbox 1095 3838 1232 3901; x_wconf 89' lang='lat' dir='ltr'><strong>tulit</strong></span> <span class='ocrx_word' id='word_1_238' title='bbox 1271 3838 1431 3902; x_wconf 87' lang='lat' dir='ltr'><strong>istud</strong></span> <span class='ocrx_word' id='word_1_239' title='bbox 1471 3840 1946 3920; x_wconf 78' lang='lat' dir='ltr'><strong>parliamentum,</strong></span> 
     </span>
     <span class='ocr_line' id='line_1_35' title="bbox 470 3936 2270 4017; baseline 0.002 -19"><span class='ocrx_word' id='word_1_240' title='bbox 470 3938 532 3998; x_wconf 93' lang='lat' dir='ltr'>N</span> <span class='ocrx_word' id='word_1_241' title='bbox 533 3956 604 3999; x_wconf 91' lang='lat' dir='ltr'><strong>ec</strong></span> <span class='ocrx_word' id='word_1_242' title='bbox 645 3936 833 4016; x_wconf 84' lang='lat' dir='ltr'><strong>magis</strong></span> <span class='ocrx_word' id='word_1_243' title='bbox 873 3936 1160 4016; x_wconf 85' lang='lat' dir='ltr'><strong>expressit</strong></span> <span class='ocrx_word' id='word_1_244' title='bbox 1199 3957 1310 4017; x_wconf 86' lang='lat' dir='ltr'><strong>pro</strong></span> <span class='ocrx_word' id='word_1_245' title='bbox 1349 3948 1512 4013; x_wconf 86' lang='lat' dir='ltr'><strong>tunc,</strong></span> <span class='ocrx_word' id='word_1_246' title='bbox 1557 3949 1647 4000; x_wconf 92' lang='lat' dir='ltr'><strong>set</strong></span> <span class='ocrx_word' id='word_1_247' title='bbox 1683 3940 1767 4000; x_wconf 84' lang='lat' dir='ltr'><strong>ab</strong></span> <span class='ocrx_word' id='word_1_248' title='bbox 1808 3939 1952 4001; x_wconf 91' lang='lat' dir='ltr'><strong>inde</strong></span> <span class='ocrx_word' id='word_1_249' title='bbox 1992 3940 2270 4003; x_wconf 82' lang='lat' dir='ltr'><strong>recessit:</strong></span> 
     </span>
     <span class='ocr_line' id='line_1_36' title="bbox 470 4034 1985 4116; baseline 0.001 -20"><span class='ocrx_word' id='word_1_250' title='bbox 470 4036 557 4096; x_wconf 87' lang='lat' dir='ltr'><strong>H.</strong></span> <span class='ocrx_word' id='word_1_251' title='bbox 581 4045 803 4096; x_wconf 87' lang='lat' dir='ltr'><strong>·tamen</strong></span> <span class='ocrx_word' id='word_1_252' title='bbox 843 4034 1067 4097; x_wconf 84' lang='lat' dir='ltr'><strong>extenti</strong></span> <span class='ocrx_word' id='word_1_253' title='bbox 1105 4054 1268 4097; x_wconf 87' lang='lat' dir='ltr'><strong>noua</strong></span> <span class='ocrx_word' id='word_1_254' title='bbox 1307 4046 1578 4116; x_wconf 86' lang='lat' dir='ltr'><strong>tempora</strong></span> <span class='ocrx_word' id='word_1_255' title='bbox 1610 4036 1985 4116; x_wconf 71' lang='lat' dir='ltr'><strong>parliamenti</strong></span> 
     </span>
     <span class='ocr_line' id='line_1_37' title="bbox 469 4132 1913 4212; baseline 0.002 -19"><span class='ocrx_word' id='word_1_256' title='bbox 469 4132 750 4193; x_wconf 78' lang='lat' dir='ltr'><strong>Proxima</strong></span> <span class='ocrx_word' id='word_1_257' title='bbox 787 4132 1070 4207; x_wconf 88' lang='lat' dir='ltr'><strong>decreuit,</strong></span> <span class='ocrx_word' id='word_1_258' title='bbox 1115 4152 1238 4211; x_wconf 89' lang='lat' dir='ltr'><strong>quo</strong></span> <span class='ocrx_word' id='word_1_259' title='bbox 1277 4133 1444 4212; x_wconf 82' lang='lat' dir='ltr'><strong>regni</strong></span> <span class='ocrx_word' id='word_1_260' title='bbox 1483 4134 1669 4212; x_wconf 84' lang='lat' dir='ltr'><strong>gloria</strong></span> <span class='ocrx_word' id='word_1_261' title='bbox 1707 4134 1913 4196; x_wconf 86' lang='lat' dir='ltr'><strong>creuit.</strong></span> 
     </span>
     <span class='ocr_line' id='line_1_38' title="bbox 471 4232 1961 4307; baseline 0.001 -16"><span class='ocrx_word' id='word_1_262' title='bbox 471 4232 738 4307; x_wconf 85' lang='lat' dir='ltr'><strong>Quando</strong></span> <span class='ocrx_word' id='word_1_263' title='bbox 778 4241 1098 4293; x_wconf 86' lang='lat' dir='ltr'><strong>coronatus</strong></span> <span class='ocrx_word' id='word_1_264' title='bbox 1135 4232 1292 4291; x_wconf 84' lang='lat' dir='ltr'><strong>foret</strong></span> <span class='ocrx_word' id='word_1_265' title='bbox 1330 4242 1391 4291; x_wconf 90' lang='lat' dir='ltr'><strong>et</strong></span> <span class='ocrx_word' id='word_1_266' title='bbox 1431 4233 1510 4292; x_wconf 88' lang='lat' dir='ltr'><strong>de</strong></span> <span class='ocrx_word' id='word_1_267' title='bbox 1550 4232 1672 4291; x_wconf 87' lang='lat' dir='ltr'><strong>fine</strong></span> <span class='ocrx_word' id='word_1_268' title='bbox 1709 4234 1961 4307; x_wconf 52' lang='lat' dir='ltr'><strong>leuatus</strong></span> 
     </span>
     <span class='ocr_line' id='line_1_39' title="bbox 469 4328 2215 4411; baseline 0.002 -22"><span class='ocrx_word' id='word_1_269' title='bbox 469 4328 648 4391; x_wconf 89' lang='lat' dir='ltr'><strong>Tunc</strong></span> <span class='ocrx_word' id='word_1_270' title='bbox 690 4348 1002 4409; x_wconf 72' lang='lat' dir='ltr'><strong>processus</strong></span> <span class='ocrx_word' id='word_1_271' title='bbox 1043 4328 1154 4391; x_wconf 89' lang='lat' dir='ltr'><strong>erit</strong></span> <span class='ocrx_word' id='word_1_272' title='bbox 1195 4348 1372 4408; x_wconf 88' lang='lat' dir='ltr'><strong>super</strong></span> <span class='ocrx_word' id='word_1_273' title='bbox 1410 4330 1530 4391; x_wconf 91' lang='lat' dir='ltr'><strong>hoc</strong></span> <span class='ocrx_word' id='word_1_274' title='bbox 1571 4331 1739 4408; x_wconf 90' lang='lat' dir='ltr'><strong>quod</strong></span> <span class='ocrx_word' id='word_1_275' title='bbox 1779 4330 1943 4392; x_wconf 82' lang='lat' dir='ltr'><strong>curia</strong></span> <span class='ocrx_word' id='word_1_276' title='bbox 1982 4331 2215 4411; x_wconf 87' lang='lat' dir='ltr'><strong>querit;</strong></span> 
     </span>
     <span class='ocr_line' id='line_1_40' title="bbox 993 4442 1829 4507; baseline 0.011 -15"><span class='ocrx_word' id='word_1_277' title='bbox 993 4456 1088 4507; x_wconf 72' lang='lat'><strong>⁹91</strong></span> <span class='ocrx_word' id='word_1_278' title='bbox 1123 4442 1308 4507; x_wconf 78' lang='lat' dir='ltr'><strong>quibus</strong></span> <span class='ocrx_word' id='word_1_279' title='bbox 1331 4442 1422 4494; x_wconf 78' lang='lat' dir='ltr'><strong>SG</strong></span> <span class='ocrx_word' id='word_1_280' title='bbox 1487 4442 1626 4495; x_wconf 80' lang='lat' dir='ltr'><strong>etad</strong></span> <span class='ocrx_word' id='word_1_281' title='bbox 1645 4442 1829 4501; x_wconf 76' lang='lat' dir='ltr'>CHH⁸</span> 
     </span>
    </p>
   </div>
   <div class='ocr_carea' id='block_1_2' title="bbox 390 4520 537 4558">
    <p class='ocr_par' dir='ltr' id='par_1_2' title="bbox 390 4520 537 4558">
     <span class='ocr_line' id='line_1_41' title="bbox 390 4520 537 4558; baseline -0.007 -2"><span class='ocrx_word' id='word_1_282' title='bbox 390 4520 537 4558; x_wconf 57' lang='lat' dir='ltr'><strong>*tet</strong></span> 
     </span>
    </p>
   </div>
   <div class='ocr_carea' id='block_1_3' title="bbox 1091 450 1741 518">
    <p class='ocr_par' dir='ltr' id='par_1_3' title="bbox 1091 450 1741 518">
     <span class='ocr_line' id='line_1_42' title="bbox 1091 450 1741 518; baseline 0.002 -2"><span class='ocrx_word' id='word_1_283' title='bbox 1091 450 1444 518; x_wconf 82' lang='lat' dir='ltr'>TERCIA</span> <span class='ocrx_word' id='word_1_284' title='bbox 1503 450 1741 517; x_wconf 89' lang='lat' dir='ltr'>PARS</span> 
     </span>
    </p>
   </div>
   <div class='ocr_carea' id='block_1_4' title="bbox 1387 4543 1422 4588">
    <p class='ocr_par' dir='ltr' id='par_1_4' title="bbox 1387 4543 1422 4588">
     <span class='ocr_line' id='line_1_43' title="bbox 1387 4543 1422 4588; baseline 0 -2"><span class='ocrx_word' id='word_1_285' title='bbox 1387 4543 1422 4588; x_wconf 80' lang='grc' dir='ltr'><strong><em>Ζ</em></strong></span> 
     </span>
    </p>
   </div>
   <div class='ocr_carea' id='block_1_5' title="bbox 2327 926 2425 979">
    <p class='ocr_par' dir='ltr' id='par_1_5' title="bbox 2327 926 2425 979">
     <span class='ocr_line' id='line_1_44' title="bbox 2327 926 2425 979; baseline -0.041 -14"><span class='ocrx_word' id='word_1_286' title='bbox 2327 926 2425 979; x_wconf 83' lang='lat'><strong>270</strong></span> 
     </span>
    </p>
   </div>
   <div class='ocr_carea' id='block_1_6' title="bbox 2333 1893 2431 1943">
    <p class='ocr_par' dir='ltr' id='par_1_6' title="bbox 2333 1893 2431 1943">
     <span class='ocr_line' id='line_1_45' title="bbox 2333 1893 2431 1943; baseline 0.02 -2"><span class='ocrx_word' id='word_1_287' title='bbox 2333 1893 2431 1943; x_wconf 75' lang='lat'><strong>280</strong></span> 
     </span>
    </p>
   </div>
   <div class='ocr_carea' id='block_1_7' title="bbox 2336 2885 2435 2939">
    <p class='ocr_par' dir='ltr' id='par_1_7' title="bbox 2336 2885 2435 2939">
     <span class='ocr_line' id='line_1_46' title="bbox 2336 2885 2435 2939; baseline -0.01 -17"><span class='ocrx_word' id='word_1_288' title='bbox 2336 2885 2435 2939; x_wconf 84' lang='lat'><strong>²90</strong></span> 
     </span>
    </p>
   </div>
   <div class='ocr_carea' id='block_1_8' title="bbox 2334 3866 2429 3917">
    <p class='ocr_par' dir='ltr' id='par_1_8' title="bbox 2334 3866 2429 3917">
     <span class='ocr_line' id='line_1_47' title="bbox 2334 3866 2429 3917; baseline 0 -14"><span class='ocrx_word' id='word_1_289' title='bbox 2334 3866 2429 3917; x_wconf 77' lang='lat'><strong>300</strong></span> 
     </span>
    </p>
   </div>
   <div class='ocr_carea' id='block_1_9' title="bbox 2538 468 2661 534">
    <p class='ocr_par' dir='ltr' id='par_1_9' title="bbox 2538 468 2661 534">
     <span class='ocr_line' id='line_1_48' title="bbox 2538 468 2661 534; baseline -0.033 0"><span class='ocrx_word' id='word_1_290' title='bbox 2538 468 2661 534; x_wconf 81' lang='lat'><strong>337</strong></span> 
     </span>
    </p>
   </div>
   <div class='ocr_carea' id='block_1_10' title="bbox 2533 704 3165 1411">
    <p class='ocr_par' dir='ltr' id='par_1_10' title="bbox 2533 704 3165 1411">
     <span class='ocr_line' id='line_1_49' title="bbox 2600 704 3157 768; baseline -0.004 -13"><span class='ocrx_word' id='word_1_291' title='bbox 2600 704 3157 768; x_wconf 78' lang='lat' dir='ltr'><strong>Qualiterassignatum</strong></span> 
     </span>
     <span class='ocr_line' id='line_1_50' title="bbox 2538 769 3158 835; baseline 0 -16"><span class='ocrx_word' id='word_1_292' title='bbox 2538 772 2633 821; x_wconf 85' lang='lat' dir='ltr'><strong>suit</strong></span> <span class='ocrx_word' id='word_1_293' title='bbox 2656 769 3047 835; x_wconf 81' lang='lat' dir='ltr'><strong>parliamentum</strong></span> <span class='ocrx_word' id='word_1_294' title='bbox 3081 778 3158 820; x_wconf 87' lang='lat' dir='ltr'><strong>te-</strong></span> 
     </span>
     <span class='ocr_line' id='line_1_51' title="bbox 2536 834 3160 899; baseline -0.005 -11"><span class='ocrx_word' id='word_1_295' title='bbox 2536 838 2763 888; x_wconf 87' lang='lat' dir='ltr'><strong>nendum</strong></span> <span class='ocrx_word' id='word_1_296' title='bbox 2803 836 2943 899; x_wconf 78' lang='lat' dir='ltr'><strong>apud</strong></span> <span class='ocrx_word' id='word_1_297' title='bbox 2982 834 3160 885; x_wconf 86' lang='lat' dir='ltr'><strong>West-</strong></span> 
     </span>
     <span class='ocr_line' id='line_1_52' title="bbox 2534 900 3157 953; baseline -0.002 -1"><span class='ocrx_word' id='word_1_298' title='bbox 2534 902 2906 953; x_wconf 80' lang='lat' dir='ltr'><strong>monasterium</strong></span> <span class='ocrx_word' id='word_1_299' title='bbox 2953 901 3020 950; x_wconf 87' lang='lat' dir='ltr'><strong>ad</strong></span> <span class='ocrx_word' id='word_1_300' title='bbox 3059 900 3157 951; x_wconf 80' lang='lat' dir='ltr'><strong>fes-</strong></span> 
     </span>
     <span class='ocr_line' id='line_1_53' title="bbox 2533 966 3158 1018; baseline -0.005 0"><span class='ocrx_word' id='word_1_301' title='bbox 2533 976 2643 1018; x_wconf 86' lang='lat' dir='ltr'><strong>tum</strong></span> <span class='ocrx_word' id='word_1_302' title='bbox 2678 966 2855 1017; x_wconf 76' lang='lat' dir='ltr'><strong>Sancti</strong></span> <span class='ocrx_word' id='word_1_303' title='bbox 2888 966 3158 1017; x_wconf 74' lang='lat' dir='ltr'><strong>Michaelis</strong></span> 
     </span>
     <span class='ocr_line' id='line_1_54' title="bbox 2535 1032 3165 1097; baseline -0.002 -15"><span class='ocrx_word' id='word_1_304' title='bbox 2535 1042 2660 1082; x_wconf 87' lang='lat' dir='ltr'><strong>tunc</strong></span> <span class='ocrx_word' id='word_1_305' title='bbox 2684 1032 2923 1097; x_wconf 84' lang='lat' dir='ltr'><strong>proximi.</strong></span> <span class='ocrx_word' id='word_1_306' title='bbox 2996 1032 3064 1081; x_wconf 81' lang='lat' dir='ltr'><strong>Et</strong></span> <span class='ocrx_word' id='word_1_307' title='bbox 3085 1033 3165 1081; x_wconf 84' lang='lat' dir='ltr'><strong>in-</strong></span> 
     </span>
     <span class='ocr_line' id='line_1_55' title="bbox 2536 1097 3159 1148; baseline -0.003 -1"><span class='ocrx_word' id='word_1_308' title='bbox 2536 1098 2689 1148; x_wconf 84' lang='lat' dir='ltr'><strong>terim</strong></span> <span class='ocrx_word' id='word_1_309' title='bbox 2734 1097 3058 1147; x_wconf 78' lang='lat' dir='ltr'><strong>Humfredus</strong></span> <span class='ocrx_word' id='word_1_310' title='bbox 3103 1098 3159 1145; x_wconf 82' lang='lat' dir='ltr'><strong>fi·</strong></span> 
     </span>
     <span class='ocr_line' id='line_1_56' title="bbox 2536 1162 3160 1213; baseline -0.002 -1"><span class='ocrx_word' id='word_1_311' title='bbox 2536 1163 2637 1213; x_wconf 82' lang='lat' dir='ltr'><strong>lius</strong></span> <span class='ocrx_word' id='word_1_312' title='bbox 2687 1171 2740 1213; x_wconf 84' lang='lat' dir='ltr'><strong>et</strong></span> <span class='ocrx_word' id='word_1_313' title='bbox 2805 1164 2959 1213; x_wconf 85' lang='lat' dir='ltr'><strong>heres</strong></span> <span class='ocrx_word' id='word_1_314' title='bbox 3013 1162 3160 1213; x_wconf 84' lang='lat' dir='ltr'><strong>ducis</strong></span> 
     </span>
     <span class='ocr_line' id='line_1_57' title="bbox 2538 1228 3159 1279; baseline -0.005 0"><span class='ocrx_word' id='word_1_315' title='bbox 2538 1228 2823 1279; x_wconf 87' lang='lat' dir='ltr'><strong>Glouernie</strong></span> <span class='ocrx_word' id='word_1_316' title='bbox 2887 1242 2993 1277; x_wconf 81' lang='lat' dir='ltr'><strong>vna</strong></span> <span class='ocrx_word' id='word_1_317' title='bbox 3043 1242 3159 1277; x_wconf 79' lang='lat' dir='ltr'><strong>cum</strong></span> 
     </span>
     <span class='ocr_line' id='line_1_58' title="bbox 2539 1293 3161 1356; baseline -0.002 -12"><span class='ocrx_word' id='word_1_318' title='bbox 2539 1302 2705 1344; x_wconf 86' lang='lat' dir='ltr'><strong>matre</strong></span> <span class='ocrx_word' id='word_1_319' title='bbox 2724 1310 2817 1345; x_wconf 85' lang='lat' dir='ltr'><strong>sua</strong></span> <span class='ocrx_word' id='word_1_320' title='bbox 2840 1293 3067 1356; x_wconf 85' lang='lat' dir='ltr'><strong>corporis</strong></span> <span class='ocrx_word' id='word_1_321' title='bbox 3084 1295 3161 1343; x_wconf 87' lang='lat' dir='ltr'><strong>in-</strong></span> 
     </span>
     <span class='ocr_line' id='line_1_59' title="bbox 2540 1360 3154 1411; baseline 0.002 -2"><span class='ocrx_word' id='word_1_322' title='bbox 2540 1360 2783 1411; x_wconf 78' lang='lat' dir='ltr'><strong>firmitate</strong></span> <span class='ocrx_word' id='word_1_323' title='bbox 2808 1360 2995 1410; x_wconf 86' lang='lat' dir='ltr'><strong>mortui</strong></span> <span class='ocrx_word' id='word_1_324' title='bbox 3018 1367 3154 1410; x_wconf 82' lang='lat' dir='ltr'><strong>sunt.</strong></span> 
     </span>
    </p>
   </div>
   <div class='ocr_carea' id='block_1_11' title="bbox 2538 2376 3163 3213">
    <p class='ocr_par' dir='ltr' id='par_1_11' title="bbox 2538 2376 3163 3213">
     <span class='ocr_line' id='line_1_60' title="bbox 2606 2376 3162 2439; baseline -0.002 -13"><span class='ocrx_word' id='word_1_325' title='bbox 2606 2378 2842 2439; x_wconf 82' lang='lat' dir='ltr'><strong>Qualiter</strong></span> <span class='ocrx_word' id='word_1_326' title='bbox 2878 2376 3043 2439; x_wconf 85' lang='lat' dir='ltr'><strong>primo</strong></span> <span class='ocrx_word' id='word_1_327' title='bbox 3076 2376 3162 2427; x_wconf 84' lang='lat' dir='ltr'><strong>die</strong></span> 
     </span>
     <span class='ocr_line' id='line_1_61' title="bbox 2541 2442 3163 2506; baseline 0 -13"><span class='ocrx_word' id='word_1_328' title='bbox 2541 2444 2863 2506; x_wconf 77' lang='lat' dir='ltr'><strong>parliamenti</strong></span> <span class='ocrx_word' id='word_1_329' title='bbox 2876 2458 2971 2491; x_wconf 79' lang='lat' dir='ltr'><strong>rex</strong></span> <span class='ocrx_word' id='word_1_330' title='bbox 2984 2442 3163 2493; x_wconf 77' lang='lat' dir='ltr'><strong>Ricar-</strong></span> 
     </span>
     <span class='ocr_line' id='line_1_62' title="bbox 2540 2508 3161 2587; baseline -0.005 -28"><span class='ocrx_word' id='word_1_331' title='bbox 2540 2510 2639 2559; x_wconf 85' lang='lat' dir='ltr'><strong>dus</strong></span> <span class='ocrx_word' id='word_1_332' title='bbox 2670 2508 3015 2587; x_wconf 60' lang='lat' dir='ltr'><strong>personaliter</strong></span> <span class='ocrx_word' id='word_1_333' title='bbox 3056 2523 3161 2585; x_wconf 73' lang='lat' dir='ltr'><strong>non</strong></span> 
     </span>
     <span class='ocr_line' id='line_1_63' title="bbox 2538 2573 3163 2715; baseline -0.002 -25"><span class='ocrx_word' id='word_1_334' title='bbox 2538 2573 3163 2715; x_wconf 47' lang='grc' dir='ltr'><strong>ἓὲἓῗιῖυὲωῑῗοοέὲξε</strong></span> 
     </span>
     <span class='ocr_line' id='line_1_64' title="bbox 2540 2705 3163 2766; baseline -0.003 -11"><span class='ocrx_word' id='word_1_335' title='bbox 2540 2721 2636 2755; x_wconf 85' lang='lat' dir='ltr'><strong>sue</strong></span> <span class='ocrx_word' id='word_1_336' title='bbox 2672 2706 2771 2755; x_wconf 86' lang='lat' dir='ltr'><strong>sub</strong></span> <span class='ocrx_word' id='word_1_337' title='bbox 2807 2705 2968 2756; x_wconf 80' lang='lat' dir='ltr'><strong>forma</strong></span> <span class='ocrx_word' id='word_1_338' title='bbox 3000 2720 3163 2766; x_wconf 71' lang='lat' dir='ltr'><strong>magis</strong></span> 
     </span>
     <span class='ocr_line' id='line_1_65' title="bbox 2540 2770 3161 2833; baseline -0.003 -12"><span class='ocrx_word' id='word_1_339' title='bbox 2540 2770 2831 2821; x_wconf 79' lang='lat' dir='ltr'><strong>auctentica</strong></span> <span class='ocrx_word' id='word_1_340' title='bbox 2852 2770 3059 2833; x_wconf 83' lang='lat' dir='ltr'><strong>penitus</strong></span> <span class='ocrx_word' id='word_1_341' title='bbox 3082 2786 3161 2819; x_wconf 86' lang='lat' dir='ltr'><strong>re-</strong></span> 
     </span>
     <span class='ocr_line' id='line_1_66' title="bbox 2542 2836 3161 2899; baseline 0 -14"><span class='ocrx_word' id='word_1_342' title='bbox 2542 2836 2839 2897; x_wconf 79' lang='lat' dir='ltr'><strong>nunciauit3</strong></span> <span class='ocrx_word' id='word_1_343' title='bbox 2871 2850 3030 2899; x_wconf 86' lang='lat' dir='ltr'><strong>super</strong></span> <span class='ocrx_word' id='word_1_344' title='bbox 3058 2851 3161 2898; x_wconf 87' lang='lat' dir='ltr'><strong>quo</strong></span> 
     </span>
     <span class='ocr_line' id='line_1_67' title="bbox 2542 2900 3159 2977; baseline 0 -28"><span class='ocrx_word' id='word_1_345' title='bbox 2542 2901 2725 2952; x_wconf 86' lang='lat' dir='ltr'><strong>nobilis</strong></span> <span class='ocrx_word' id='word_1_346' title='bbox 2748 2900 3028 2965; x_wconf 86' lang='lat' dir='ltr'><strong>Hem-icus,</strong></span> <span class='ocrx_word' id='word_1_347' title='bbox 3051 2904 3159 2977; x_wconf 71' lang='lat' dir='ltr'><strong>vni-</strong></span> 
     </span>
     <span class='ocr_line' id='line_1_68' title="bbox 2540 2966 3160 3083; baseline -0.002 -1"><span class='ocrx_word' id='word_1_348' title='bbox 2540 2966 3160 3083; x_wconf 49' lang='lat'><strong>22323122&#39;303215222</strong></span> 
     </span>
     <span class='ocr_line' id='line_1_69' title="bbox 2538 3098 3160 3213; baseline 0 -66"><span class='ocrx_word' id='word_1_349' title='bbox 2538 3106 2593 3212; x_wconf 49' lang='lat' dir='ltr'><strong>{rt</strong></span> <span class='ocrx_word' id='word_1_350' title='bbox 2623 3113 2725 3213; x_wconf 77' lang='lat' dir='ltr'><strong>rext</strong></span> <span class='ocrx_word' id='word_1_351' title='bbox 2741 3099 3003 3158; x_wconf 79' lang='lat' dir='ltr'><strong>efficiatur,</strong></span> <span class='ocrx_word' id='word_1_352' title='bbox 3028 3098 3160 3147; x_wconf 89' lang='lat' dir='ltr'><strong>elec·</strong></span> 
     </span>
     <span class='ocr_line' id='line_1_70' title="bbox 2562 3178 2742 3213; baseline 0 0"><span class='ocrx_word' id='word_1_353' title='bbox 2562 3178 2622 3213; x_wconf 83' lang='lat' dir='ltr'><strong>us</strong></span> <span class='ocrx_word' id='word_1_354' title='bbox 2646 3178 2704 3213; x_wconf 81' lang='lat' dir='ltr'><strong>es</strong></span> <span class='ocrx_word' id='word_1_355' title='bbox 2726 3198 2742 3213; x_wconf 85' lang='lat'><strong><em>.</em></strong></span> 
     </span>
    </p>
   </div>
  </div>
 </body>
</html>
