3434 5142
704 420 782 480 16
1506 410 1701 477 VOX
1760 407 2300 476 CLAMANTIS

1023 575 1411 653 prosperitate
1450 581 1782 645 conseruet,
1813 580 1873 633 et
1908 570 1988 631 ad
2025 569 2266 631 laudem
2304 568 2402 631 dei
2441 568 2655 647 suique
2693 578 2756 631 et
2796 566 2912 631 sibi
2947 586 3110 629 com·

1022 673 1203 733 misse
1232 671 1423 749 plebis
1450 670 1764 731 vtilitatem
1792 668 2040 729 feliciter
2065 667 2353 745 perducat
2381 666 2442 726 in
2469 684 2668 727 euum.

699 772 896 849 Capm.
928 770 1040 829 xix.
1090 771 1213 829 Hic
1254 768 1603 846 recapitulat
1644 765 2100 845 quodammodo
2141 764 2256 824 sub
2299 764 2498 841 figuris
2545 774 2606 824 et
2653 764 2941 841 exemplis
2981 775 3106 824 tam

1020 868 1235 929 veteris
1262 885 1445 943 quarn
1474 867 1619 926 noui
1645 864 2005 937 testamenti,
2037 864 2100 923 in
2127 862 2348 941 quibus
2377 862 2676 940 pretendit
2701 862 2870 939 quod
2897 880 3107 923 eorum

1022 966 1159 1025 loco
1186 966 1289 1041 qui
1321 964 1381 1023 in
1410 964 1577 1024 omni
1606 962 1921 1024 sanctitate
1948 962 2142 1039 legem
2170 961 2270 1023 dei
2299 970 2360 1021 et
2393 961 2576 1021 fidem
2615 961 2796 1022 Cristi
2833 960 3106 1037 primitus

1018 1071 1474 1140 augmentantes
1514 1061 1830 1121 ecclesiam
1871 1058 2166 1131 colebant,
2205 1068 2266 1119 et
2305 1076 2344 1118 a
2383 1057 2488 1119 diu
2531 1059 2750 1119 mortui
2793 1068 2946 1131 sunt,
2983 1058 3105 1117 iarn

1022 1170 1334 1237 resurgunt
1368 1159 1468 1219 alii
1512 1159 1794 1236 precipue
1825 1157 1906 1219 de
1945 1158 2122 1230 clero,
2155 1157 2258 1235 qui
2299 1156 2462 1216 illam
2503 1156 2774 1215 omniurn
2815 1155 3106 1215 viciorum

1020 1258 1405 1318 multitudine
1430 1257 1791 1317 suffocantes
1817 1266 2221 1333 corrumpunt.

696 1355 893 1432 Capm.
928 1374 1016 1414 xx.
1065 1354 1187 1413 Hic
1228 1362 1439 1413 tractat
1480 1353 1722 1413 vlterius
1763 1354 1948 1430 quod,
1993 1354 2148 1413 sicut
2189 1352 2463 1413 virtuosis
2505 1369 2696 1428 nuper
2743 1351 2806 1410 in
2849 1350 3102 1411 ecclesia

1021 1450 1411 1511 existentibus
1449 1450 1782 1511 succedunt
1817 1450 2041 1525 viciosi,
2072 1450 2160 1510 sic
2194 1460 2256 1510 et
2293 1448 2506 1510 mundi
2533 1444 2878 1527 proceribus
2903 1448 3103 1508 omnis

1019 1548 1239 1608 milicie
1276 1564 1467 1625 nuper
1506 1546 1587 1608 de
1622 1546 1920 1623 probitate
1961 1548 2204 1606 famosis
2245 1546 2577 1606 succedunt
2614 1545 2800 1605 modo
2837 1545 2952 1619 alii,
2995 1546 3100 1623 qui

1019 1662 1217 1723 neque
1244 1645 1451 1705 diuine
1480 1662 1676 1721 neque
1705 1644 1968 1705 humane
1995 1644 2188 1705 laudis
2214 1644 2380 1722 digni
2408 1644 2756 1705 efficiuntur.

696 1742 890 1820 Capm.
922 1743 1035 1801 xxi.
1082 1744 1207 1801 Hic
1260 1742 1523 1819 loquitur
1576 1742 1778 1802 adhuc
1832 1742 2074 1802 vlterius
2127 1759 2304 1819 super
2359 1741 2593 1814 eodem,
2651 1740 2906 1817 qualiter
2957 1740 3096 1799 loco

1018 1858 1227 1900 eorum
1281 1840 1384 1915 qui
1440 1856 1631 1915 nuper
1692 1839 1840 1899 casti
1897 1838 2136 1898 suerunt
2189 1848 2250 1899 et
2303 1846 2666 1911 constantes,
2723 1850 3096 1897 surrexerunt

1017 1938 1203 1999 modo
1234 1937 1351 2007 alii,
1378 1937 1483 2013 qui
1522 1937 1697 1996 huius
1737 1937 1920 1997 seculi
1957 1936 2280 1997 vanitatem
2317 1936 2812 2012 concupiscentes
2851 1934 3094 2012 pudoris

1016 2035 1425 2096 constanciam
1454 2035 1690 2111 penitus
1716 2034 2057 2095 amiserunt.

1294 2181 1685 2257 Expliciunt
1725 2180 2044 2256 Capitula
2084 2180 2238 2241 libri
2281 2182 2486 2241 sexti.

1271 2543 1613 2618 Incipiunt
1650 2542 1968 2619 capitula
2007 2546 2164 2606 marr
2205 2520 2511 2623 s‘epflms.

690 2694 887 2773 Capm.
920 2692 956 2754 i.
1002 2694 1326 2771 Postquam
1365 2694 1445 2756 de
1482 2694 1728 2772 singulis
1762 2694 2063 2773 gradibus,
2105 2715 2210 2773 per
2246 2716 2398 2775 quos
2435 2706 2558 2757 tam
2601 2698 2662 2758 in
2689 2699 3088 2777 spiritualibus

1014 2810 1195 2870 quarn
1218 2793 1279 2851 in
1302 2793 1728 2869 temporalibus
1756 2811 1916 2854 error
1942 2795 2112 2871 quasi
2135 2791 2356 2873 vbique
2381 2796 2748 2871 diffunditur,
2769 2806 3086 2857 tractatum

1015 2890 1303 2951 haetenus
1330 2892 1542 2964 existit,
1574 2892 1694 2951 iam
1723 2891 2055 2953 secundum
2084 2894 2464 2970 quorundam
2501 2894 2817 2972 opiniones
2843 2902 3094 2954 tractare

1016 2988 1272 3049 intendit
1312 2988 1391 3049 de
1432 2988 1688 3066 pedibus
1731 2999 1925 3051 statue
1971 3008 2155 3069 quarn
2198 2991 2724 3069 Nabugodonosor
2760 2991 2988 3052 viderat
3028 2991 3090 3050 in

1014 3086 1299 3163 sompnis,
1322 3104 1580 3164 quorum
1608 3086 1886 3147 videlicet
1906 3088 2130 3165 pedum
2158 3089 2420 3166 quedam
2441 3106 2575 3166 pars
2602 3089 2806 3163 ferrea,
2830 3088 3091 3167 quedam

1014 3182 1227 3258 fictilis,
1258 3184 1319 3243 in
1348 3184 1533 3261 figura
1562 3183 2046 3245 deterioracionis
2075 3186 2250 3246 huius
2272 3186 2482 3248 mundi
2505 3186 2790 3259 extiterat,
2817 3188 2878 3245 in
2907 3204 3088 3263 quam

1011 3298 1121 3341 nos
1157 3282 1237 3342 ad
1274 3298 1517 3358 presens
1545 3289 1798 3359 tempus,
1831 3281 2000 3359 quod
2027 3292 2117 3342 est
2143 3282 2598 3359 quodammodo
2635 3284 2697 3342 in
2736 3283 2856 3343 fine
2883 3283 3085 3357 seculi,

1010 3379 1359 3440 euidencius
1395 3378 1769 3440 deuenimuS.
1857 3380 1937 3439 Et
1973 3380 2168 3456 primo
2204 3380 2335 3441 ferri
2365 3380 2872 3459 significacionem
2899 3380 3094 3441 decla·

1011 3476 1182 3538 rabit.

686 3572 882 3651 Capm.
916 3573 973 3634 ii.
1020 3574 1146 3634 Hic
1184 3575 1447 3652 loquitur
1482 3586 1691 3635 contra
1732 3574 1876 3634 istos
1922 3591 2135 3634 auaros
2183 3574 2350 3634 omni
2399 3576 2553 3635 ferro
2597 3576 2660 3634 in
2708 3576 2827 3637 hoc
2876 3576 3086 3637 saltem

1011 3680 1281 3748 tempore
1307 3672 1591 3745 durioreS,
1622 3690 1878 3750 quorum
1907 3671 2128 3733 diuicie
2155 3672 2269 3733 nisi
2297 3672 2738 3750 participentur,
2763 3673 2999 3748 nullius,
3023 3683 3088 3733 vt

1010 3768 1173 3843 dicit,
1204 3780 1455 3847 possunt
1483 3788 1615 3830 esse
1642 3769 1872 3829 valoris·

686 3866 884 3945 capm.
916 3867 994 3927 iii.
1045 3868 1168 3927 Hic
1200 3867 1463 3945 loquitur
1493 3867 1574 3929 de
1614 3876 1808 3928 statue
1849 3867 2114 3929 secunda
2151 3876 2317 3945 parte
2349 3868 2592 3946 pedum,
2634 3886 2755 3946 que
2792 3869 2988 3931 fictilis
3029 3879 3092 3930 et

1009 3966 1226 4043 fragilis
1254 3976 1395 4039 erat,
1426 3975 1489 4027 et
1515 3965 1595 4027 de
1628 3964 1901 4026 eiusdem
1931 3967 2112 4043 partis
2141 3966 2598 4044 significacione.

691 4060 886 4140 Capm.
920 4062 1017 4123 iiii.
1066 4064 1190 4123 Hic
1216 4064 1479 4142 loquitur
1505 4064 1704 4125 adhuc
1731 4060 1974 4124 vlterius
2002 4063 2081 4125 de
2108 4064 2359 4125 miseriis
2397 4083 2516 4142 que
2543 4065 2604 4124 in
2633 4064 2859 4142 pedum
2898 4074 3094 4127 statue

1009 4162 1353 4223 diuersitate
1394 4162 1724 4223 nouissimo
1773 4163 1890 4223 iam
1938 4172 2208 4239 tempore
2254 4163 2606 4223 eueniendis
2655 4160 3092 4241 figurabantur:

683 4400 711 4449 s
748 4323 883 4450 :xi-xi)
902 4339 935 4385 4
977 4322 1097 4375 adiu
1144 4322 1188 4373 C
1420 4323 1531 4375 Lib.
1568 4324 1687 4377 vn.
1728 4324 1762 4375 i.
1803 4341 1836 4387 4
1883 4324 2260 4388 Nabugonosor
2297 4324 2342 4377 C
2577 4325 2612 4375 8
2655 4324 3090 4389 significacrbnem

706 4415 809 4450 ern
