3434 5142
1186 437 1471 503 LIBER
1529 439 1958 516 QUINTUS

631 598 799 658 Dum
838 609 961 659 tam
1002 599 1312 659 mirificam
1354 598 1541 658 voluit
1580 598 1695 658 sibi
1737 608 1942 658 mente
1979 598 2246 676 figuram,

632 695 773 773 Ipse
812 697 1049 756 volutus
1090 715 1163 757 &a
1202 715 1327 757 non
1370 696 1674 758 reuolutus
1714 695 1884 770 abit3

630 795 773 854 Non
815 795 974 871 capit
1014 795 1271 855 exterius
1312 795 1461 873 quid
1501 804 1695 871 preter
1733 812 1868 855 eam
1909 792 2024 854 sibi
2065 793 2242 868 visus,

632 891 873 968 Corque
915 910 1021 969 per
1060 892 1305 952 interius
1348 893 1556 970 pungit
1595 892 1816 952 amoris
1855 910 2014 952 acus.

629 989 713 1048 Vt
752 987 869 1049 sibi
910 999 1029 1050 stat
1065 1009 1275 1050 saxum
1316 1009 1441 1051 non
1482 989 1724 1063 mobile,
1769 990 1856 1049 sic
1897 999 2014 1050 stat
2053 999 2114 1051 et
2155 990 2300 1067 ipse,

568 1157 596 1178 Κ
628 1087 760 1148 Nec
801 1099 1008 1148 mouet
1047 1107 1085 1148 a
1123 1089 1275 1165 visu,
1320 1089 1425 1166 qui
1465 1088 1627 1158 velut
1666 1089 1882 1148 extasis
1923 1098 2056 1163 est3

629 1183 727 1245 Sic
770 1187 981 1246 oculus
1022 1185 1221 1246 cordis
1261 1187 1455 1246 carnis
1494 1186 1748 1263 caligine
1787 1204 1967 1246 cecus

582 1301 595 1310 “
629 1285 915 1360 Languet‚
961 1294 1021 1344 et
1063 1283 1126 1342 in
1166 1283 1497 1361 dampnum
1538 1283 1763 1344 decidit
1803 1285 1932 1360 ipse
1972 1301 2166 1344 suum.

627 1383 813 1458 Quod
854 1382 1031 1456 videt,
1076 1382 1195 1442 hoc
1236 1383 1441 1453 nescit,
1486 1391 1577 1460 set
1616 1380 1785 1458 quod
1824 1379 2006 1455 videt,
2047 1381 2229 1441 vritur
2271 1380 2411 1457 i1103

626 1479 727 1540 Sic
766 1478 903 1538 furit
943 1499 980 1539 a
1020 1498 1166 1540 ceco
1206 1499 1385 1540 cecus
1426 1497 1631 1540 amore
1670 1497 1821 1540 suo:

628 1577 918 1656 Frigidior
955 1578 1165 1656 glacie,
1206 1579 1537 1639 feruencior
1576 1579 1713 1655 igne
1754 1587 2076 1651 cremante,

627 1675 725 1736 Sic
766 1686 827 1735 et
869 1677 930 1734 in
973 1677 1110 1753 igne
1148 1677 1321 1753 gelat,
1365 1677 1545 1736 vritur
1586 1676 1770 1752 inque
1809 1675 1988 1751 gelu:

624 1773 791 1834 Sicut
832 1773 961 1833 auis
1001 1775 1165 1834 visco
1206 1774 1479 1834 volutans
1521 1792 1587 1834 se
1628 1771 1890 1832 voluitur
1929 1772 2048 1846 illo,

625 1871 725 1934 Sic
766 1890 833 1932 se
873 1871 1207 1932 defendens
1246 1872 1414 1932 ardet
1454 1889 1659 1931 amore
1698 1871 1904 1961 magis

578 2022 583 2035 .
704 1969 806 2029 Sic
844 1987 1014 2029 amor
1052 1985 1235 2028 omne
1274 1967 1497 2034 domat
1542 1967 1832 2045 quicquid
1875 1945 2084 2028 natura
2123 1969 2362 2041 creauit,

586 2060 599 2145 ζ
627 2065 708 2125 Et
747 2075 949 2126 tamen
990 2065 1318 2126 indomitus
1361 2067 1488 2140 ipse
1530 2083 1634 2140 per
1673 2082 1858 2124 omne
1897 2074 2139 2138 manet;

594 2153 600 2160 ⁸
627 2149 905 2225 Carcerat
946 2174 1005 2224 et
1044 2163 1300 2236 redimit,
1344 2163 1485 2239 ligat
1524 2174 1709 2238 atque
1749 2162 1932 2238 ligata
1969 2162 2229 2238 resoluit,

624 2261 842 2322 Subdit
882 2272 943 2321 et
983 2279 1165 2320 omne
1206 2259 1337 2334 sibi,
1379 2259 1531 2320 liber
1571 2271 1631 2321 et
1671 2259 1958 2320 omnibus
2001 2270 2129 2333 est3

624 2359 913 2419 Naturam
956 2359 1202 2437 stringit,
1246 2359 1486 2430 mulcet,
1532 2359 1746 2418 minuit
1789 2375 1909 2436 que
1949 2359 2252 2433 reformat,

624 2459 858 2535 Plangit
898 2468 959 2517 et
1000 2459 1113 2518 hec
1154 2477 1257 2535 per
1296 2477 1455 2532 eum,
1500 2475 1613 2518 nec
1654 2458 1785 2518 sine
1825 2457 2047 2534 gaudet
2087 2475 2203 2518 eo:

622 2557 849 2616 Militat
886 2555 951 2614 in
990 2556 1238 2628 cunctiS,
1282 2556 1513 2616 nullum
1556 2557 1653 2614 vix
1693 2555 1913 2632 excipit
1955 2555 2085 2614 eius

622 2656 873 2733 Regula,
918 2673 1059 2714 nam
1099 2665 1337 2715 sanctos
1378 2673 1522 2733 sepe
1562 2655 1667 2715 dat
1706 2671 1840 2714 esse
1881 2671 2014 2714 reos
2036 2673 2056 2727 ;

622 2752 885 2832 Legibus
924 2771 1081 2831 aque
1120 2753 1241 2813 suis
1282 2772 1407 2813 non
1447 2763 1539 2814 est
1579 2753 1828 2813 transire
1867 2751 2106 2829 quietus

624 2851 748 2927 Qui
790 2851 962 2924 valet,
1008 2852 1137 2928 ipse
1176 2862 1378 2911 tamen
1419 2861 1638 2909 cuncta
1678 2850 1883 2926 quieta
1922 2849 2090 2926 gerit.

623 2947 784 3008 Nam
826 2967 1009 3026 quem
1048 2967 1172 3008 non
1213 2947 1431 3024 poterit
1472 2945 1754 3025 probita5‚
1798 2945 2126 3023 prudencia
2167 2946 2330 3020 fallit,

622 3047 757 3107 Nec
796 3056 911 3106 stat
949 3044 1140 3105 vitalis
1182 3053 1345 3104 tutus
1386 3056 1448 3105 vt
1489 3043 1687 3104 obstet
1729 3045 1851 3104 eis:

622 3145 765 3205 Non
807 3162 975 3204 amor
1013 3143 1075 3202 in
1118 3142 1292 3220 penis
1331 3153 1423 3202 est
1464 3161 1570 3220 par
1610 3161 1768 3219 pene
1806 3142 2107 3216 Talionis3

618 3243 910 3302 Vulnerat
950 3257 1133 3300 omne
1172 3258 1379 3317 genus,
1426 3259 1540 3300 nec
1580 3239 1695 3300 sibi
1737 3240 1952 3300 vulnus
1993 3239 2214 3301 habet:

620 3341 719 3400 Sic
760 3339 901 3417 quia
940 3337 1223 3398 vulnifico
1264 3337 1485 3398 fixurus
1526 3347 1767 3415 pectora
1807 3338 1930 3397 telo

619 3437 832 3498 Vibrat
869 3454 1054 3509 amor,
1098 3443 1273 3497 caute
1314 3437 1549 3513 longius
1588 3435 1734 3495 inde
1771 3435 1928 3511 fuge.

588 3529 603 3601 .’
619 3536 731 3596 Est
770 3535 955 3595 nichil
992 3552 1291 3594 armorum
1334 3535 1502 3612 quod
1543 3534 1727 3610 prelia
1765 3533 1950 3593 vincit
1988 3531 2225 3606 amoris,

618 3634 679 3693 N
681 3651 753 3695 ec
792 3651 901 3692 sua
940 3634 1073 3710 quis
1115 3633 1285 3692 firme
1323 3632 1527 3692 federa
1566 3629 1730 3707 pacis
1770 3628 1968 3690 habet.

699 3730 963 3792 Credula
1001 3749 1094 3790 res
1133 3749 1305 3790 amor
1344 3740 1435 3792 est
1476 3727 1679 3790 subito
1718 3728 1984 3803 collapsa
2024 3727 2250 3802 dolore,
2320 3805 2330 3816 .

620 3829 681 3888 N
682 3847 755 3888 ec
794 3826 942 3887 sciet
983 3827 1253 3905 inceptor
1294 3828 1429 3906 quis
1470 3826 1585 3887 sibi
1626 3826 1762 3886 finis
1804 3826 1931 3887 erit.

620 3925 765 3986 Non
806 3925 937 3985 sine
977 3935 1092 3985 stat
1133 3925 1293 3986 bello
1335 3926 1507 3986 miles
1548 3923 1651 4002 qui
1693 3922 1840 3984 dicit
1881 3923 1962 3983 ad
2001 3922 2168 3998 infra,

622 4025 639 4056 ‘
656 4023 715 4084 O
756 4041 941 4100 quam
980 4040 1079 4082 me
1118 4023 1367 4082 tacitum
1406 4022 1685 4111 conscius
1725 4021 1837 4082 vrit
1875 4037 2046 4080 amor
2066 4021 2113 4081 ι’

620 4119 869 4181 Artibus
909 4121 1235 4180 innumeris
1277 4137 1449 4180 mens
1490 4121 1816 4197 exagitatur
1857 4119 2128 4192 amantis,

619 4219 703 4278 Vt
744 4218 893 4294 lapis
934 4217 1209 4294 equoreis
1249 4216 1516 4294 vndique
1556 4235 1794 4294 pressus
1833 4217 2044 4294 aquis;

621 4313 921 4376 Nobilitas
962 4312 1076 4376 sub
1114 4332 1319 4375 amore
1360 4315 1529 4389 iacet,
1574 4333 1693 4392 que
1733 4332 1877 4391 sepe
1915 4314 2180 4392 resurgit,

620 4413 835 4492 Sepius
877 4421 941 4474 et
980 4412 1171 4474 nescit
1213 4411 1417 4476 nobile
1458 4413 1605 4492 quid
1646 4411 1722 4474 sit
1763 4411 1906 4475 iter:

2546 461 2668 522 ²05

2571 1307 2667 1356 140

2568 2283 2663 2336 150

2567 3250 2662 3302 160
