3434 5142
800 429 925 490 216

1502 425 1699 491 VOX
1757 423 2298 490 CLAMANTIS

967 587 1119 648 Sunt
1158 585 1381 647 similes
1422 586 1525 663 qui
1568 585 1727 647 bella
1765 586 1990 659 volunt,
2035 585 2139 663 qui
2179 595 2370 645 castra
2411 593 2718 662 sequntur,

967 685 1092 761 Qui
1132 684 1336 762 spoliis
1376 684 1607 743 inhiant
1648 684 1969 744 esuriendo
2009 683 2240 743 lucrum
2267 707 2282 745 :
2905 703 3012 755 540

969 783 1194 843 Horret
1232 782 1363 842 auis
1401 782 1677 860 rapidum
1721 781 1864 860 quia
1903 782 2110 858 predat
2152 781 2422 860 proxima
2461 781 2677 855 nisum,

968 881 1049 940 Et
1090 897 1273 958 pecus
1313 889 1615 940 austerum
1657 879 1974 957 quodlibet
2015 897 2148 940 esse
2187 880 2416 956 lupum.

968 978 1092 1054 Qui
1133 975 1241 1039 tibi
1285 977 1547 1052 delicias,
1594 978 1786 1050 miles,
1829 977 2129 1054 preponis,
2173 987 2235 1038 et
2275 995 2442 1038 arma

969 1075 1230 1148 DeseriS,
1274 1084 1336 1136 et
1374 1076 1641 1152 requiem
1684 1075 1882 1152 queris
1923 1073 2144 1135 habere
2184 1074 2369 1148 domi,

970 1172 1255 1249 Pauperis
1296 1182 1356 1232 et
1396 1173 1588 1250 spolia
1627 1172 1964 1250 depredans
2005 1191 2172 1232 more
2211 1173 2420 1247 leonis,

972 1271 1116 1347 Quo
1156 1288 1421 1330 maceras
1461 1270 1627 1344 alioS,
1672 1278 1740 1329 tu
1779 1269 1890 1330 tibi
1932 1289 2129 1330 crassa
2169 1271 2342 1348 rapis,

972 1369 1111 1445 Que
1151 1368 1259 1429 tibi
1304 1379 1505 1446 torpor
1543 1368 1681 1446 agit,
1726 1386 1846 1446 que
1886 1368 2170 1430 deliciosa
2211 1370 2483 1446 voluptas

970 1467 1212 1540 Suadet,
1254 1467 1511 1527 auaricie
1551 1467 1829 1544 pelleque
1869 1467 2031 1528 lucra
2075 1468 2292 1529 simul:

970 1565 1220 1642 Suscipe
1260 1565 1568 1641 sanguinei
1610 1564 1978 1642 trepidancia
2018 1583 2268 1626 munera
2308 1563 2472 1638 belli,

972 1662 1297 1740 Credoque
1337 1663 1504 1741 quod
1543 1663 1696 1723 vicia
1737 1665 1856 1722 iam
1898 1663 2008 1723 tibi
2049 1672 2211 1741 terga
2253 1663 2504 1724 dabunt.
2914 1684 3016 1737 550

972 1763 1135 1821 Ante
1176 1779 1352 1821 suum
1393 1762 1623 1821 lucrum
1665 1761 1838 1821 miles
1879 1771 2171 1839 preponat
2213 1761 2522 1836 honorem,

975 1858 1147 1919 Dans
1188 1876 1297 1919 sua
1335 1868 1477 1920 vota
1516 1859 1636 1920 deo
1674 1869 2012 1936 cunctaque
2053 1860 2252 1920 vincet
2293 1878 2408 1920 eo:

974 1957 1158 2018 Heu!
1212 1957 1401 2019 modo
1442 1967 1532 2019 set
1572 1957 1752 2018 video
1792 1958 1961 2035 quod
2001 1958 2196 2017 honor
2223 1958 2608 2035 postponitur
2646 1975 2816 2032 aure,

975 2055 1391 2134 Prefer‘turque
1432 2056 1551 2117 deo
1592 2055 1857 2116 mundus
1897 2063 1960 2132 et
2001 2056 2130 2132 ipsa
2169 2073 2331 2116 caro,

976 2153 1207 2216 Milicie
1247 2171 1531 2214 numerus
1572 2153 1801 2228 crescit,
1846 2153 2136 2214 decrescit
2177 2162 2239 2214 et
2279 2163 2484 2228 actus3

976 2251 1076 2312 Sic
1120 2251 1314 2313 honor
1354 2260 1445 2313 est
1485 2269 1726 2326 vacum,
1767 2253 1914 2314 dum
1955 2262 2239 2312 vacuatur
2278 2269 2454 2314 onus·

884 2451 1232 2521 Postquam
1268 2451 1503 2509 dictum
1542 2455 1645 2508 eat
1665 2451 1746 2509 de
1781 2453 1911 2508 mi·
1949 2452 2058 2522 qui
2093 2453 2160 2508 in
2197 2455 2377 2508 statu
2410 2451 2676 2508 militari
2709 2466 2842 2508 rem
2877 2451 3022 2522 pub·

812 2541 1004 2596 licam
1039 2554 1299 2596 seruare
1335 2538 1566 2596 debent
1602 2541 1870 2605 illesam,
1906 2540 2233 2598 dicendum
2279 2543 2384 2597 eet
2430 2541 2562 2596 iam
2609 2539 2689 2596 de
2727 2540 2878 2597 istie
2917 2540 3025 2609 qui

816 2629 896 2685 ad
936 2629 1113 2684 cibos
1154 2631 1223 2685 et
1262 2631 1453 2698 potus
1490 2643 1606 2698 pro
1649 2629 1908 2697 generi·
1949 2628 2211 2684 humani
2259 2629 2742 2686 sustentaeione
2787 2628 3023 2700 perqui-

818 2716 1049 2772 rendos
1083 2716 1467 2786 agriculture
1500 2716 1758 2773 labore·
1794 2717 2007 2772 subire
2043 2720 2364 2773 tenentur.

631 2845 831 2920 Capm.
885 2841 957 2902 ix.

1065 2839 1202 2914 Que
1244 2837 1321 2897 sit
1360 2837 1581 2908 milicia
1620 2837 1742 2898 iam
1783 2857 1890 2900 vos
1931 2839 2198 2913 audistiS,
2243 2850 2304 2901 et
2344 2840 2494 2900 vltra

988 2939 1204 2998 Dicam
1237 2935 1317 2996 de
1355 2935 1615 3014 reliquis,
1658 2937 1862 3014 regula
1901 2954 2022 3016 que
2061 2938 2138 2998 sit
2177 2937 2287 2998 eis,

989 3036 1147 3097 Nam
1188 3044 1327 3112 post
1367 3034 1649 3096 miliciam
1692 3044 1872 3096 restat
1911 3044 2100 3096 status
2141 3054 2296 3096 vnus
2335 3035 2598 3113 agrestis,

986 3135 1064 3196 In
1104 3149 1229 3210 quo
1270 3133 1490 3193 rurales
1528 3151 1711 3211 grana
1753 3151 1874 3212 que
1913 3134 2052 3194 vina
2089 3135 2318 3194 colunt.
2929 3139 3030 3206 5⁶0

989 3231 1100 3292 Hii
1142 3241 1281 3291 sunt
1321 3231 1426 3308 qui
1466 3229 1644 3292 nobis
1683 3232 1886 3309 magni
1928 3232 2147 3293 sudore
2187 3231 2408 3292 laboris

987 3330 1345 3407 Perquirunt
1385 3330 1595 3404 victus,
1639 3329 1811 3391 iussit
1851 3340 1914 3390 vt
1955 3331 2084 3407 ipse
2125 3330 2313 3391 deus:

986 3427 1099 3489 Est
1139 3437 1200 3488 et
1239 3427 1327 3488 eis
1368 3427 1495 3488 iure
1535 3429 1724 3489 nostri
1764 3429 1938 3507 primi
1980 3428 2160 3506 patris
2202 3429 2340 3489 Ade

989 3525 1237 3602 Regula,
1283 3543 1465 3602 quam
1508 3527 1727 3586 summi
1771 3527 1931 3603 cepit
1966 3525 2046 3586 ab
2089 3544 2194 3587 ore
2233 3527 2355 3587 dei.

986 3622 1151 3683 Nam
1191 3622 1342 3684 deus
1384 3623 1578 3700 inquit
1616 3623 1690 3698 ei,
1735 3623 1886 3684 dum
1927 3625 2147 3684 corruit
2187 3642 2226 3684 a
2267 3621 2532 3684 Paradisi

990 3719 1284 3794 Floribus,
1327 3721 1391 3780 in
1432 3730 1644 3782 terram
1687 3722 1848 3798 cepit
1888 3731 1950 3783 et
1989 3723 2075 3783 ire
2116 3721 2312 3784 viam:

994 3821 1013 3850 ‘
1034 3817 1093 3880 O
1134 3829 1509 3896 transgresse,
1552 3819 1722 3880 labor
1763 3820 1974 3880 mundi
2015 3819 2125 3880 tibi
2169 3820 2288 3880 sint
2327 3837 2573 3897 quoque
2613 3815 2814 3890 sudor,

991 3917 1070 3978 In
1111 3916 1336 3993 quibus
1377 3917 1555 3978 vteris
1597 3915 1856 3995 panibus
1897 3918 2025 3995 ipse
2066 3917 2224 3978 tuis?

992 4014 1175 4075 Vnde
1214 4015 1315 4075 dei
1356 4016 1569 4075 seriem
1609 4016 1802 4076 cultor
1843 4016 1894 4076 si
1935 4027 2132 4078 seruet
2173 4015 2453 4089 eundem,

994 4111 1089 4170 Ac
1128 4129 1281 4188 opus
1322 4114 1384 4172 in
1426 4114 1591 4174 cultu
1632 4113 1720 4174 sic
1757 4123 1923 4193 gerat
1963 4114 2092 4191 ipse
2133 4132 2334 4188 manu,
2939 4129 3040 4187 570

994 4208 1173 4268 Tunc
1212 4211 1400 4286 pariet
1441 4212 1663 4272 fructus
1704 4230 1888 4289 quam
1929 4212 2134 4274 fertilis
2175 4213 2388 4274 ordine
2427 4228 2696 4288 campus,

994 4305 1253 4384 Vuaque
1296 4307 1665 4385 temporibus
1706 4308 1887 4370 stabit
1927 4309 2214 4370 habunda
2254 4310 2394 4369 suis,

998 4403 1059 4464 N
1062 4421 1181 4464 unc
1222 4415 1425 4465 tamen
1464 4403 1613 4467 illud
1654 4424 1808 4483 opus
1848 4407 1946 4467 vix
1987 4408 2182 4484 querit
2221 4405 2444 4469 habere
2483 4404 2756 4477 colonuS,
