3434 5142
1150 449 1437 513 LIBER
1499 449 1860 516 PRIMUS

570 610 729 672 Nam
772 628 961 689 pauor
1002 620 1064 670 et
1104 620 1308 682 terror,
1350 611 1707 689 trepidoque
1749 612 1980 675 insania
2020 613 2204 687 vultu,

568 712 677 771 Me
716 710 905 788 magis
946 709 1219 787 ignotum
1260 708 1626 770 constituere
1668 709 1870 771 michi.

652 810 817 869 Dum
860 826 1033 868 mens
1074 825 1215 885 egra
1253 809 1381 882 fuit,
1424 808 1592 869 dolet
1628 809 1800 869 accio
1839 808 2123 887 corporis»,
2165 810 2226 870 in
2267 828 2394 889 quo

570 908 725 969 Ossa
765 906 911 983 tegit
950 906 1193 979 macies,
1240 922 1354 966 nec
1395 906 1561 967 iuuat
1602 924 1707 967 ora
1747 905 1955 968 cibus:

570 1006 702 1067 Iam
744 1004 929 1065 michi
970 1004 1269 1067 subducta
1308 1005 1491 1065 facies
1531 1004 1798 1065 humana
1838 1005 2093 1082 videtur,

568 1103 765 1164 Pallor
804 1112 866 1163 et
906 1102 969 1162 in
1010 1102 1179 1163 vultu
1220 1102 1389 1180 signa
1428 1112 1689 1179 reportat
1732 1103 1937 1178 humi;

567 1201 820 1279 Sanguis
858 1199 987 1261 abit
1026 1210 1415 1278 mentemque
1452 1202 1621 1261 color
1660 1218 2000 1279 corpusque
2037 1201 2293 1278 reliquit,

571 1299 837 1361 Pulcrior
876 1309 967 1359 est
1008 1308 1069 1361 et
1110 1316 1187 1359 eo
1226 1308 1384 1359 terra
1422 1300 1625 1359 colore
1665 1317 1825 1361 meo,

566 1398 666 1457 Sic
708 1398 895 1475 magis
935 1416 973 1456 a
1010 1396 1195 1474 longo
1235 1414 1477 1473 passum
1520 1396 1689 1475 quod
1729 1413 1948 1474 corpus
1987 1396 2310 1473 habebam,

565 1496 682 1554 Vix
722 1494 933 1556 habuit
972 1506 1219 1555 tenuem
1260 1513 1382 1572 qua
1422 1504 1582 1572 tegat
1620 1512 1760 1554 ossa
1799 1505 2041 1569 cutem3

568 1593 788 1671 Sicque
826 1592 933 1653 diu
974 1592 1231 1671 pauidus
1269 1592 1489 1670 pariter
1525 1610 1665 1652 cum
1708 1602 1914 1653 mente
1952 1593 2218 1659 colorem

568 1692 971 1766 Perdideram,
1012 1706 1132 1768 que
1172 1690 1259 1749 sui
1300 1690 1386 1751 sic
1428 1708 1623 1751 nouus
1664 1690 1813 1751 alter
1853 1708 1987 1769 ego.

488 1820 493 1829 ·
567 1788 687 1849 Vix
727 1791 917 1851 suerat
958 1790 1125 1867 quod
1168 1808 1280 1867 ego
1322 1788 1515 1851 solida
1556 1806 1656 1849 me
1696 1800 1900 1850 mente
1940 1786 2156 1868 recepi,

568 1888 733 1948 Dum
772 1887 937 1948 bona
976 1886 1249 1965 promisit
1288 1906 1419 1948 sors
1460 1887 1643 1947 michi
1687 1887 1851 1947 nulla
1891 1887 2114 1950 fidem:

570 1987 710 2047 Non
753 1986 935 2046 michi
978 1984 1217 2047 libertas
1257 1988 1539 2063 cuiquam
1580 1997 1810 2047 secreta
1849 1986 2138 2065 loquendi

566 2084 744 2145 Tunc
782 2086 913 2157 suit,
958 2084 1147 2145 immo
1188 2084 1371 2145 silens
1410 2103 1480 2145 os
1521 2102 1631 2145 sua
1671 2083 1852 2144 verba
1893 2094 2074 2145 tenet.

566 2182 629 2243 Si
670 2180 853 2241 michi
894 2200 1077 2260 quem
1118 2200 1293 2243 casus
1332 2183 1563 2243 socium
1606 2182 2018 2243 transduxerat
2059 2182 2218 2257 illuc,

568 2280 929 2341 Miscuimus
970 2281 1243 2341 lacrimas
1282 2290 1509 2341 mestus
1550 2290 1798 2357 vterque
1837 2278 2052 2341 simul:

567 2379 731 2441 Raro
771 2379 884 2439 fuit
923 2379 1091 2456 quod
1130 2396 1245 2457 ego
1284 2378 1481 2440 verbis
1521 2376 1758 2439 solabar
1795 2376 2022 2451 amicis,

564 2478 683 2537 Vix
726 2478 868 2555 quia
909 2488 1053 2537 tunc
1096 2478 1253 2538 fidus
1293 2494 1447 2537 vnus
1486 2478 1715 2537 amicus
1756 2486 1921 2539 erat:

566 2576 727 2638 Illud
768 2588 893 2637 erat
933 2587 1171 2653 tempus
1210 2574 1483 2648 dubium,
1527 2594 1653 2652 quo
1694 2575 1894 2635 nullus
1931 2573 2196 2635 amicum

565 2674 811 2736 Certum
852 2684 1050 2735 certus
1090 2672 1287 2745 habet,
1330 2674 1485 2733 sicut
1524 2672 1750 2733 habere
1787 2673 1957 2733 solet.

644 2772 769 2848 Qui
810 2773 971 2850 prius
1010 2773 1285 2833 attulerat
1326 2788 1535 2833 verum
1574 2770 1758 2831 michi
1801 2788 2038 2849 semper
2074 2788 2358 2847 amorem,

562 2870 741 2930 Tunc
780 2880 981 2931 tamen
1021 2870 1279 2931 aduerso
1317 2880 1589 2947 tempore
1629 2878 1823 2931 cessat
1861 2886 2066 2931 amor:

566 2966 909 3044 Querebam
951 2969 1157 3030 fratres
1198 2980 1343 3029 tunc
1383 2968 1553 3042 fidos,
1600 2986 1724 3028 non
1767 2978 1970 3028 tamen
2011 2968 2176 3046 ipsos

565 3066 739 3142 Quos
778 3084 923 3127 suus
964 3077 1197 3145 optaret
1239 3084 1363 3127 non
1404 3066 1683 3145 genuisse
1725 3076 1910 3143 pater.

564 3162 799 3225 Memet
840 3164 904 3224 in
946 3164 1177 3225 insidiis
1218 3182 1455 3241 semper
1494 3164 1802 3224 locuturus
1845 3162 2161 3237 habebam,

562 3261 887 3340 Verbaque
926 3280 1061 3323 sum
1105 3272 1383 3339 spectans
1424 3280 1617 3339 pauca
1656 3262 1894 3323 locutus
1934 3262 2224 3324 humumt

564 3360 867 3439 Tempora
904 3380 1045 3421 cum
1088 3360 1324 3421 blandis
1364 3360 1672 3438 absumpsi
1713 3378 1988 3438 vanaque
2027 3360 2240 3435 verbis,

565 3459 731 3518 Dum
772 3476 909 3519 mea
948 3476 1076 3519 sors
1116 3459 1399 3536 cuiquam
1440 3468 1679 3537 cogerat
1718 3458 1838 3519 vlla
1875 3458 2060 3536 loqui.

568 3558 729 3619 Iram
769 3557 1127 3617 multociens
1166 3556 1383 3635 frangit
1421 3558 1734 3634 responsio
1773 3557 1989 3631 mollis,

566 3652 863 3715 Dulcibus
903 3673 977 3715 ex
1016 3654 1212 3716 verbis
1251 3666 1398 3715 tunc
1440 3656 1551 3715 suit
1591 3656 1723 3733 ipsa
1763 3656 1962 3731 salus3

496 3817 502 3825 ,
565 3753 841 3830 Sepeque
880 3771 1021 3813 cum
1062 3752 1226 3814 volui
1264 3764 1519 3815 conatus
1560 3753 1742 3815 verba
1783 3754 2057 3831 proferre,

565 3849 897 3929 Torpuerat
935 3851 1137 3929 gelido
1176 3851 1381 3929 lingua
1419 3861 1649 3913 retenta
1688 3863 1872 3914 metu.

566 3949 709 4009 Non
750 3966 921 4009 meus
960 3959 1024 4010 vt
1062 3960 1275 4027 querat
1310 3966 1471 4010 noua
1512 3968 1710 4011 sermo
1749 3968 2026 4029 quosque
2065 3949 2290 4029 fatigat,

563 4044 813 4108 Obstitit
850 4046 1129 4125 auspiciis
1168 4048 1371 4125 lingua
1408 4058 1641 4109 retenta
1678 4043 1890 4123 malis3

564 4144 721 4222 Sepe
758 4160 957 4205 meam
999 4154 1269 4207 mentem
1308 4146 1472 4206 volui
1514 4146 1751 4219 dixisse,
1795 4156 1886 4207 set
1927 4146 2086 4207 hosti
2117 4208 2120 4211 ,

562 4242 825 4304 Prodere
866 4260 966 4303 me
1006 4242 1197 4317 timui,
1246 4244 1570 4322 linguaque
1610 4244 1806 4305 tardat
1845 4244 1947 4305 ibi.

562 4340 747 4401 Heu!
787 4340 1073 4401 miserum
1114 4342 1295 4403 tristis
1332 4342 1573 4403 fortuna
1612 4344 1902 4405 tenaciter
1939 4352 2126 4421 vrget‚
2229 4374 2241 4389 ι

748 4508 755 4515 ,
842 4454 973 4518 14⁸⁵
1004 4466 1298 4518 corpusque
1322 4455 1531 4518 reliquit
1550 4472 1658 4508 om.
1679 4456 1731 4505 D
1755 4456 1945 4521 (marg.
1967 4456 2163 4523 defien)
2283 4500 2290 4508 .

2530 457 2616 535 63

2481 722 2615 786 1480

2479 1714 2610 1769 1490

2475 2694 2607 2748 1500

2475 3678 2605 3733 1510
