3434 5142
784 488 869 531 20
1488 462 1689 528 VOX
1749 460 2287 527 CLAMANTIS

1072 951 1320 1027 Incipit
1345 950 1641 1013 cronica
1669 964 1800 1025 que
1827 948 1986 1011 Vox
2015 948 2400 1010 clamantis
2427 946 2692 1013 dicitur.

847 1136 926 1194 1n
966 1136 1153 1193 huius
1193 1136 1481 1206 opu-cun
1529 1136 1838 1206 principio
1884 1134 2160 1191 intendit
2207 1134 2597 1203 compo-iton·
2631 1132 2984 1191 describere

778 1224 1054 1291 qualiter
1088 1224 1353 1280 seruile·
1388 1224 1607 1280 rustici
1644 1218 1998 1293 impetuose
2033 1224 2262 1277 contra
2293 1224 2606 1290 ingenuo·
2637 1225 2705 1277 et
2735 1222 2984 1281 nobile·

776 1312 960 1381 regni
999 1312 1495 1369 insurrexerunt.
1567 1312 1649 1368 Et
1693 1312 1844 1381 quia
1881 1325 1989 1366 reo
2026 1310 2386 1366 huiuamodi
2419 1312 2599 1365 velut
2631 1313 2983 1367 mon-trum

775 1400 1173 1457 detestabilis
1194 1402 1316 1456 fuit
1340 1404 1407 1456 et
1426 1400 1767 1469 horribilia,
1791 1402 2062 1454 narrat
2094 1414 2167 1454 ee
2203 1413 2313 1469 per
2348 1399 2706 1468 sompnium
2739 1398 2982 1455 vidi-se

775 1486 1066 1544 diuersae
1096 1489 1273 1557 vulgi
1308 1491 1553 1544 turma·
1586 1489 1655 1543 in
1690 1489 1983 1543 diuersae
2017 1487 2267 1557 specie·
2302 1487 2650 1542 bestiarum
2682 1486 2980 1543 domenti-

814 1590 991 1653 anun
1014 1578 1526 1633 transmutatae:
1563 1576 1718 1633 dicit
1741 1579 1960 1633 tamen
1982 1576 2148 1645 quod
2181 1576 2286 1631 ille
2322 1576 2528 1631 bestie
2550 1574 2910 1639 domestice,
2939 1592 2982 1630 a

774 1677 895 1717 oua
920 1662 1253 1720 deuianten
1277 1666 1533 1728 natura,
1557 1663 1971 1719 crudelitate·
1994 1664 2272 1721 ferarum
2293 1663 2418 1719 eibi
2442 1666 2977 1733 presumpserunt.

774 1750 865 1805 De
874 1751 1088 1806 cauni·
1096 1766 1271 1829 vero,
1282 1767 1362 1808 ex
1378 1753 1604 1820 quibua
1616 1753 1787 1808 inter
1801 1752 2091 1807 homines
2105 1752 2265 1808 talin
2282 1752 2663 1820 contingunt
2675 1752 2977 1816 enormia,

774 1840 1021 1897 tractat
1060 1840 1330 1895 vlterius
1376 1840 1718 1895 necandum
1759 1840 2212 1897 dietinccione·
2257 1840 2456 1895 libelli
2501 1839 2707 1907 istius,
2756 1840 2860 1907 qui
2909 1839 2976 1893 in

774 1929 1017 1993 septem
1065 1926 1364 1983 diuiditur
1412 1930 1651 1997 partes,
1686 1931 1878 1998 prout
1918 1928 2185 1983 inferius
2233 1928 2394 1983 loci·
2434 1928 2572 1983 oui·
2613 1927 2978 1985 enidenciuo

774 2012 1127 2081 apparebit.

1327 2201 1576 2277 Incipit
1615 2202 1950 2277 prologus
1995 2203 2152 2264 libri
2199 2203 2428 2269 Primi.

1050 2348 1307 2425 cripture
1346 2350 1561 2411 veteris
1603 2351 1849 2429 oepiunt
1889 2355 2164 2429 exempla
2205 2353 2401 2427 futuri,

1092 2447 1252 2506 Nam
1295 2446 1466 2508 dabit
1505 2460 1747 2526 experta
1788 2468 1882 2510 res
1921 2451 2110 2529 magis
2151 2468 2283 2511 esse
2316 2450 2518 2513 fidem.

800 2548 819 2565 '
928 2543 1068 2603 Vox
1106 2543 1248 2606 licet
1288 2545 1407 2605 hoc
1447 2554 1649 2607 teneat
1688 2548 1959 2626 vulgariS,
2006 2548 2173 2625 quod
2215 2549 2331 2610 sibi
2372 2549 2605 2609 nullum

931 2640 1222 2717 Sompuia
1262 2643 1637 2720 propositum
1678 2645 2044 2708 credulitatis
2085 2646 2333 2720 babent,

930 2738 1063 2797 Nos
1102 2748 1305 2800 tamen
1348 2751 1591 2802 econtra
1631 2741 1711 2803 de
1751 2752 2022 2820 tempore
2061 2744 2472 2822 preteritorum

929 2834 1176 2897 Cercius
1216 2837 1538 2899 instructos
1578 2839 1774 2901 littera
1811 2842 2030 2918 scripta
2071 2841 2228 2901 facit.

928 2932 1021 2992 Ex
1063 2934 1319 2995 Daniele
1356 2946 1522 3013 patet
1562 2937 1710 3014 quid
1751 2940 2028 3015 sompnia
2067 2938 2490 3015 significarunt,

926 3030 1061 3091 Nec
1099 3031 1213 3092 fuit
1254 3032 1315 3091 in
1358 3035 1627 3111 sompnis
1667 3035 1818 3095 visio
1859 3054 2012 3095 vana
2055 3035 2315 3115 Ioseph:

924 3128 1193 3206 Angelus
1234 3129 1421 3190 immo
1462 3130 1677 3207 bonus»,
1721 3132 1826 3210 qui
1865 3142 2069 3193 custos
2109 3133 2401 3194 interioris

925 3224 1035 3285 Est
1076 3225 1353 3301 hominiS,
1398 3228 1559 3306 vigili
1601 3246 1839 3307 semper
1877 3247 2085 3291 amore
2127 3230 2329 3305 sauet3
2902 3252 2964 3291 ιο

924 3320 1005 3381 Et
1044 3322 1183 3383 licet
1224 3325 1479 3385 exterius
1520 3344 1738 3404 corpus
1779 3346 1960 3405 sopor
2000 3338 2274 3405 occupet,
2316 3327 2418 3389 ille

920 3418 1138 3481 Visitat
1180 3420 1424 3483 interius
1466 3425 1685 3484 mentis
1727 3434 1788 3485 et
1829 3435 2008 3502 auget
2049 3442 2270 3503 opem3

920 3517 1196 3595 Sepeque
1237 3521 1604 3598 sompnisero
1644 3532 1937 3583 monstrat
1977 3523 2316 3601 prenostioe
2356 3522 2506 3597 visu,

921 3616 1066 3691 Quo
1106 3618 1293 3694 magis
1335 3619 1398 3679 in
1438 3620 1633 3679 causis
1674 3630 1946 3697 tempora
1987 3632 2196 3682 noscat
2235 3622 2444 3683 homo,

919 3714 1089 3774 Hinc
1128 3726 1277 3791 puto
1318 3734 1439 3793 que
1478 3718 1603 3777 vidi
1643 3718 1811 3795 quod
1853 3720 2129 3797 sompnia
2169 3729 2440 3798 tempore
2481 3720 2674 3783 noctis

917 3808 1099 3887 Signa
1138 3812 1223 3872 rei
1264 3821 1428 3873 certe
1468 3816 1998 3876 commemoranda
2037 3817 2252 3877 serunt.

914 3907 1087 3967 Visio
1127 3910 1320 3986 qualis
1362 3921 1505 3988 erat,
1548 3929 1673 3988 quo
1712 3922 2000 3990 tempore,
2045 3915 2217 3975 cuius
2257 3924 2320 3975 et
2358 3932 2522 3977 anno

917 4004 1117 4081 Regi8‚
1164 4006 1226 4065 in
1268 4006 1383 4067 hiis
1423 4008 1655 4086 scriptis
1696 4010 1930 4087 singula
1969 4012 2120 4071 scire
2159 4021 2348 4089 potes·

994 4100 1320 4164 Scribentis
1362 4122 1588 4165 nomen
1630 4106 1679 4167 si
1723 4125 1952 4185 queraS,
1996 4126 2140 4171 ecce
2179 4109 2420 4188 loquela

913 4198 1041 4260 Sub
1082 4198 1273 4261 tribus
1312 4200 1602 4280 implicita
1642 4205 1911 4267 versibus
1953 4206 2098 4268 inde
2138 4207 2301 4269 latet.
2895 4232 2958 4269 20

824 4344 946 4405 Tm«
966 4346 1407 4410 Incipit—dicitur
1428 4348 1520 4399 ct
1584 4366 1688 4402 om.
1712 4352 1858 4402 GDL
1989 4354 2124 4405 Ptol.
2145 4353 2390 4420 Headae‘ng
2407 4370 2510 4406 ont.
2539 4354 2582 4405 1.
2713 4371 2746 4417 4
2779 4363 2958 4407 narrat

751 4422 841 4477 (ΞΕ
904 4424 1057 4489 fingit
1080 4424 1182 4477 GD
1376 4440 1412 4493 5
1443 4426 1726 4479 bestiarum
1748 4429 1957 4494 species
1979 4432 2080 4483 GD
2277 4448 2306 4497 7
2340 4439 2675 4499 mmpseruut
2698 4432 2742 4487 E
