3434 5142
1170 442 1457 525 LIBER
1514 460 1880 527 PRIMUS
2547 486 2634 548 53

591 620 791 696 Quem
834 620 1053 681 tollunt
1093 620 1346 696 mundo,
1386 640 1511 681 non
1552 632 1804 699 potuere
1841 623 1980 683 deo.
2105 644 2110 652 ·
2205 642 2212 651 ·

668 718 726 779 O
767 718 985 796 probra
1026 728 1325 779 transacto
1364 719 1499 796 quis
1540 730 1812 797 tempore
1850 720 1992 782 talia
2033 724 2220 798 nouit,

590 817 729 893 Que
768 818 935 879 necis
976 818 1037 877 in
1080 818 1329 896 speculo
1368 819 1623 895 presulis
1658 830 1794 879 acta
1833 822 2088 897 patent?

588 915 781 975 Multa
822 933 928 993 per
964 926 1108 977 ante
1146 916 1311 977 bona
1347 917 1695 977 communia
1734 918 1954 979 fecerat
1993 920 2162 993 vltro,

586 1014 935 1091 Sponteque
974 1034 1084 1092 pro
1124 1014 1351 1075 meritis
1390 1014 1601 1093 vulgus
1640 1014 1922 1077 abhorret
1958 1034 2118 1077 eum.

584 1112 735 1172 Tale
774 1123 1038 1189 patrasse
1078 1112 1303 1172 malum
1346 1130 1471 1173 non
1513 1122 1734 1173 norunt
1777 1112 2050 1175 Nestoris
2089 1116 2250 1191 anni,

590 1210 808 1287 Fitque
849 1210 1037 1288 magis
1078 1210 1227 1269 mira
1266 1226 1377 1283 τες,
1421 1210 1565 1287 quia
1602 1228 1736 1271 raro
1775 1212 1952 1273 cadit.
2500 1240 2628 1277 1110

588 1308 731 1368 Non
772 1308 957 1368 michi
996 1318 1121 1368 tam
1162 1308 1366 1385 grauia
1404 1316 1563 1368 sunt·
1582 1326 1705 1385 que
1744 1308 1907 1386 prius
1945 1320 2080 1371 acta
2121 1312 2378 1387 suerunt,

587 1406 689 1467 Set
730 1407 919 1483 magis
958 1406 1036 1467 ad
1078 1422 1323 1483 presens
1362 1406 1704 1483 cogniciora
1743 1416 2030 1483 grauant5

584 1504 743 1563 Nam
785 1504 952 1582 quod
992 1503 1205 1565 adesse
1244 1522 1385 1564 meo
1426 1504 1547 1563 iarn
1588 1503 1711 1563 vidi
1751 1514 2028 1583 tempore
2063 1506 2396 1585 &mpnum

585 1602 851 1664 Horrida
891 1602 1131 1663 maioris
1172 1601 1329 1662 facta
1368 1602 1592 1663 doloris
1634 1601 1834 1663 habet.

585 1698 644 1761 Ο
683 1700 834 1778 quid
874 1701 994 1777 agit
1035 1700 1253 1761 vicium
1295 1699 1375 1759 de
1416 1700 1599 1778 longo
1637 1702 2076 1776 continuatum,

583 1798 727 1859 Hoc
769 1797 950 1859 docet
992 1798 1055 1857 in
1096 1798 1276 1875 vulgo
1317 1814 1413 1859 res
1454 1797 1750 1874 patefacta
1791 1799 1996 1859 modo·

585 1896 692 1954 Hii
735 1906 875 1956 sunt
912 1896 1097 1957 credo
1138 1896 1375 1973 Chay'm
1415 1896 1664 1973 peiores,
1710 1896 1812 1957 hic
1853 1897 1967 1957 nisi
2009 1906 2242 1958 tannim

583 1992 823 2055 Occidit
861 1993 1119 2067 fratrem,
1164 2003 1255 2055 set
1295 2004 1464 2070 pater
1503 1993 1617 2053 iste
1657 1992 1785 2053 fuit.

582 2092 805 2153 Nescio
846 2092 983 2169 quis
1024 2091 1263 2153 laudem
1304 2091 1535 2151 facinus
1576 2108 1683 2168 per
1721 2091 1842 2151 tale
1883 2102 2158 2167 meretur,

583 2191 727 2250 Hoc
766 2191 893 2251 scio
932 2189 1100 2267 quod
1141 2190 1369 2249 crimen
1406 2188 1607 2249 diruta
1646 2188 1830 2248 Troia
1869 2190 2048 2251 sinit:
2495 2219 2624 2255 1120

582 2288 705 2349 Iste
744 2288 911 2347 iuuat
952 2286 1119 2364 quod
1158 2296 1220 2347 et
1260 2287 1360 2347 ille
1398 2286 1557 2359 facit,
1602 2287 1904 2347 consentit
1944 2296 2006 2349 et
2045 2288 2209 2364 alter,

578 2386 660 2447 Vt
701 2386 894 2446 malus
934 2394 997 2445 et
1035 2386 1204 2462 peior
1243 2385 1539 2462 passimus
1578 2384 1723 2445 inde
1761 2384 1992 2447 forent:

582 2483 721 2544 Iura
760 2484 970 2545 volunt
1009 2482 1177 2560 quod
1219 2482 1407 2543 homo
1448 2482 1679 2543 facinus
1721 2484 1826 2560 qui
1867 2483 2066 2559 mittit,
2111 2494 2174 2545 et
2212 2485 2360 2547 alter

576 2581 699 2658 Qui
741 2580 1040 2643 consentit
1080 2582 1155 2655 ei,
1198 2581 1321 2641 sint
1361 2580 1423 2639 in
1466 2598 1660 2657 agone
1698 2598 1888 2657 pares,

576 2679 635 2741 O
677 2679 784 2740 tibi
826 2680 1182 2740 commissos
1224 2676 1363 2739 vrbs
1404 2696 1525 2756 que
1565 2678 1830 2755 lapidare
1873 2679 2198 2755 prophetas

576 2778 800 2852 Audae,
844 2796 969 2857 quo
1008 2778 1215 2839 doleas
1256 2786 1349 2837 est
1388 2775 1499 2837 tibi
1542 2794 1724 2837 causa
1765 2777 1923 2837 satis.

574 2878 853 2953 Agrestes
891 2886 1094 2936 tamen
1136 2876 1257 2936 hoc
1296 2874 1527 2935 facinus
1568 2874 1884 2952 specialius
1925 2876 2092 2936 omni

576 2973 762 3035 Plebe
802 2973 1029 3034 dabant
1068 2972 1235 3047 sarie,
1278 2973 1427 3034 dum
1468 2974 1625 3033 mala
1667 2972 1859 3051 prima
1899 2985 2165 3035 mouent.

574 3070 633 3132 O
672 3072 993 3132 maledicta
1032 3089 1247 3131 manus
1286 3080 1467 3147 mput
1506 3070 1809 3131 abscisum
1851 3071 2148 3133 ferientis!

576 3168 771 3245 Culpa
812 3169 879 3230 fit
920 3168 1236 3243 horribilis,
1280 3186 1437 3246 pena
1477 3168 1799 3246 perhennis
1837 3170 1965 3229 erit.
2486 3195 2507 3229 ι
2521 3194 2618 3247 130

573 3265 632 3328 Ο
674 3268 777 3345 qui
816 3268 937 3327 tale
976 3268 1097 3329 deo
1137 3266 1365 3327 crimen
1406 3266 1766 3344 prohibente
1808 3266 2042 3345 parasti,

574 3365 825 3440 Perside,
868 3382 989 3442 qua
1030 3382 1203 3442 pena,
1249 3382 1368 3441 qua
1408 3381 1559 3425 nece
1600 3364 1818 3441 dignus
1859 3365 1974 3425 eris
1994 3366 2022 3423 Ρ

573 3463 632 3525 O
672 3464 833 3524 furor
873 3464 1099 3536 insane,
1141 3480 1290 3541 gens
1332 3462 1566 3535 rustica,
1610 3462 1782 3539 plebs
1822 3462 2101 3536 violenta,

573 3563 771 3638 Quam
814 3572 919 3621 tua
957 3561 1117 3621 fraus
1156 3560 1397 3621 sceleris
1438 3570 1529 3621 est
1568 3578 1750 3638 super
1791 3577 1974 3620 omne
2015 3560 2244 3619 scelus!

575 3660 693 3720 Dic
732 3677 853 3736 qua
892 3658 1091 3719 fronte
1130 3668 1303 3737 potes
1342 3658 1687 3719 discrimina
1727 3668 1894 3718 tanta
1932 3666 2200 3735 patrare3

572 3757 899 3835 Equiperat
940 3757 1228 3832 fraudem,
1274 3756 1517 3835 perfida,
1562 3774 1746 3817 nemo
1786 3765 1970 3817 tuam.

653 3856 799 3915 Huc
838 3865 1152 3933 properate
1188 3872 1382 3928 senes,
1426 3855 1547 3914 huc
1588 3853 1800 3915 florida
1838 3852 2104 3914 confluat
2144 3864 2288 3927 etas,

572 3953 816 4015 Cei-nite
857 3971 977 4031 que
1017 3954 1255 4014 sceleris
1296 3952 1549 4013 rusticus
1588 3970 1756 4011 arma
1796 3952 1945 4012 tulit.

572 4052 843 4113 Tundite
882 4062 1113 4130 pectus,
1157 4052 1393 4113 fundite
1432 4050 1624 4124 fletus,
1669 4050 1932 4128 plangite
1973 4050 2170 4125 funus,

570 4150 763 4213 Cuius
802 4150 1073 4212 inaudita
1112 4168 1275 4211 mors
1314 4146 1660 4228 perhibetur
1698 4149 1821 4211 ita:
2486 4173 2618 4222 1140

570 4250 777 4327 thue
816 4250 991 4311 salire
1030 4250 1186 4310 solet
1224 4248 1501 4309 mutulati
1542 4247 1737 4308 cauda
1775 4245 2022 4323 colubri,

474 4394 605 4442 nos
640 4378 885 4445 Repu-oba
909 4379 958 4428 D
1148 4393 1275 4441 1107
1309 4386 1526 4443 perante
1546 4377 1651 4427 HD
1841 4394 1964 4442 1¹17
1997 4376 2162 4442 Caym
2181 4378 2290 4428 HD
2489 4378 2616 4439 1136

398 4458 607 4524 perfida
630 4456 1002 4509 SCHGDTffl
1068 4458 1268 4521 perfide
1292 4456 1335 4507 Ε
1539 4471 1660 4518 1141
1696 4457 1936 4507 mundati
1959 4456 2109 4507 SHD
2179 4454 2396 4505 mutilati
2421 4452 2514 4504 (ΣΕ
