3434 5142
1541 358 1739 423 VOX
1796 357 2336 423 CLAMANTIS

999 517 1192 591 Ledit,
1237 526 1298 577 et
1338 514 1401 577 in
1441 516 1612 594 peius
1651 534 1835 579 omne
1876 516 2138 577 refundit
2176 533 2367 593 opus:
2930 526 3045 591 650

997 616 1082 675 Vt
1119 615 1246 675 vult
1281 614 1410 693 ipse
1449 632 1626 677 suum
1666 614 1909 693 proprio
1948 614 2097 691 regit
2136 614 2351 675 ordine
2391 612 2709 687 mundum,

997 714 1060 773 Si
1101 712 1298 773 bonus
1339 710 1482 789 ipse,
1525 710 1777 785 bonum,
1820 712 1871 771 si
1912 712 2107 776 malus
2146 711 2293 789 ipse,
2336 712 2579 773 malum.

998 811 1121 887 Qui
1161 810 1358 871 minor
1396 820 1488 869 est
1527 810 1809 883 mundus,
1852 809 1966 871 fert
2006 808 2239 871 mundo
2278 809 2537 871 maxima
2576 810 2859 887 dampna,

997 911 1090 969 Ex
1131 906 1518 969 inmundiciis
1559 908 1610 969 si
1647 909 1827 969 oedat
1867 908 1999 985 ipse
2036 924 2213 969 reus:

997 1008 1122 1084 Qui
1161 1008 1358 1069 minor
1397 1020 1490 1069 est
1529 1006 1811 1079 mundus,
1854 1007 1903 1065 si
1947 1024 2073 1067 non
2112 1004 2407 1067 inmunda
2446 1006 2693 1081 recidat,

993 1107 1232 1169 Cuncta
1271 1124 1382 1166 suo
1422 1105 1634 1165 mundi
1676 1102 1925 1165 crimine
1962 1104 2089 1165 lesa
2124 1114 2367 1181 grauate

997 1203 1120 1281 Qui
1161 1205 1356 1265 minor
1396 1214 1486 1265 est
1527 1203 1791 1263 mundus
1830 1200 2033 1275 homo,
2076 1202 2129 1263 si
2169 1202 2327 1263 colat
2368 1200 2869 1280 omnipotentem,

995 1301 1204 1363 Rebus
1247 1300 1310 1361 in
1351 1297 1626 1361 humanis
1665 1298 1898 1377 singula
1936 1299 2165 1361 munda
2202 1300 2387 1377 parit:

996 1398 1120 1475 Qui
1161 1400 1358 1460 minor
1395 1408 1488 1459 est
1528 1397 1809 1471 mundus,
1852 1398 1901 1459 si
1942 1396 2073 1459 iura
2109 1394 2211 1458 dei
2250 1396 2589 1471 meditetur,
2662 1460 2669 1467 ,

994 1496 1240 1559 Grande
1281 1496 1393 1557 sibi
1435 1514 1684 1573 regnum
1724 1494 1993 1575 possidet
2033 1496 2161 1572 ipse
2202 1495 2345 1573 poli.
2938 1506 3045 1557 ⁶60

955 1632 966 1643 ·
1075 1594 1378 1658 Conuenit
1418 1612 1559 1672 ergo
1599 1592 1757 1667 satis,
1802 1592 2015 1655 humili
2053 1594 2221 1671 quod
2260 1593 2444 1655 corde
2483 1594 2773 1671 rependat

996 1694 1194 1771 Digna
1233 1691 1484 1755 creatori
1523 1692 1688 1753 dona
1728 1702 1959 1753 creatus
1999 1693 2225 1755 homo:

993 1791 1206 1851 Restat
1230 1801 1310 1851 ·vt
1349 1788 1478 1867 ipse
1517 1788 1610 1851 sui
1651 1790 1888 1851 factoris
1928 1800 2139 1867 querat
2178 1807 2465 1863 amorem,

994 1888 1206 1949 Restat
1245 1899 1310 1949 vt
1349 1888 1476 1965 ipse
1515 1886 1666 1949 sciat
1705 1887 1854 1965 quid
1894 1885 1970 1947 sit
2010 1896 2073 1948 et
2112 1886 2273 1947 vnde
2314 1886 2519 1949 venit:

993 1986 1207 2047 Restat
1247 1994 1310 2045 vt
1348 1996 1650 2064 agnoscat,
1693 2004 1819 2065 quo
1860 1982 2119 2045 nominis
2160 1983 2377 2047 ordine
2412 1985 2575 2047 solus

993 2084 1106 2145 Pre
1145 2084 1378 2145 cunctis
1417 2084 1680 2145 mundus
1722 2082 1939 2144 dicitur
1978 2101 2111 2143 esse
2153 2080 2361 2143 minor.

995 2180 1058 2243 Si
1097 2184 1293 2243 minor
1331 2193 1422 2243 est
1464 2183 1747 2255 mundus,
1788 2198 1913 2259 quo
1952 2178 2167 2241 mundi
2208 2178 2489 2243 machina
2526 2192 2762 2243 constat
2892 2213 2903 2223 ·

992 2278 1223 2342 Ordine
1263 2281 1311 2341 si
1353 2291 1579 2358 querat,
1625 2290 1716 2343 est
1758 2279 2103 2341 meminisse
2142 2279 2274 2339 sui:

989 2378 1054 2437 Si
1095 2377 1291 2438 minor
1327 2387 1420 2437 est
1461 2378 1743 2451 mundus,
1786 2394 1909 2455 que
1948 2387 2089 2437 sunt
2128 2375 2455 2454 primordia
2494 2378 2707 2439 mundi
2744 2412 2751 2419 ·

990 2475 1054 2536 Si
1093 2476 1428 2549 meditetur,
1471 2477 1592 2553 agit
1631 2475 1793 2537 vnde
1834 2473 1911 2535 sit
1950 2486 2011 2536 et
2051 2474 2201 2552 quid
2240 2476 2467 2535 homo:
2932 2488 3041 2551 670

988 2570 1052 2634 Si
1091 2591 1158 2634 se
1197 2573 1470 2647 nesciret,
1515 2591 1630 2633 nec
1671 2591 1813 2633 eum
1856 2582 2263 2651 cognosceret,
2306 2592 2343 2633 a
2383 2590 2509 2650 quo

989 2671 1105 2731 Vel
1144 2688 1252 2748 per
1290 2688 1472 2748 quem
1515 2671 1705 2731 sactus
1747 2680 1853 2744 est,
1898 2689 2011 2733 nec
2050 2681 2277 2731 amaret
2314 2688 2475 2733 eum.
2556 2665 2595 2702 '-

991 2769 1071 2829 Et
1111 2778 1314 2831 tamen
1355 2778 1446 2829 est
1487 2769 1570 2828 illi
1611 2766 1953 2829 substancia
1992 2769 2147 2829 facta
2188 2768 2473 2843 biformis,

987 2866 1136 2943 Quo
1173 2866 1478 2946 compegit
1516 2885 1674 2938 eum,
1717 2866 1955 2943 spiritus
1994 2878 2180 2945 atque
2220 2886 2407 2943 caro3

987 2965 1072 3026 vt
1109 2964 1434 3027 daemiret
1474 2964 1682 3027 factori
1724 2964 1960 3043 spiritus
2000 2964 2148 3039 eim,

987 3062 1071 3123 Et
1109 3064 1371 3125 mundus
1411 3064 1574 3123 carni
1615 3062 1965 3141 spirituique
2006 3082 2159 3124 caro.

987 3160 1100 3221 Est
1136 3162 1352 3221 ancilla
1391 3180 1529 3223 mro
1573 3161 1807 3239 fragilis,
1848 3162 2021 3223 cuius
2059 3160 2421 3223 dominatrix

988 3260 1264 3335 Desuper
1303 3270 1392 3319 est
1430 3258 1632 3320 anima
1672 3259 1754 3321 de
1793 3260 2033 3320 racione
2074 3246 2173 3321 dei
2199 3280 2219 3335 ς

986 3356 1168 3417 Nunc
1209 3366 1412 3417 tamen
1451 3375 1488 3417 a
1530 3356 1761 3417 mundo
1800 3376 1941 3417 caro
1980 3358 2136 3417 victa
2176 3368 2355 3435 negat
2395 3358 2716 3432 racionem,

987 3451 1233 3531 Linquit
1273 3463 1333 3513 et
1375 3453 1488 3513 hec
1526 3456 1729 3514 anime
1768 3456 1897 3515 iura
1934 3454 2135 3517 subire
2174 3475 2297 3517 sue.
2930 3466 3033 3517 σεο

985 3551 1084 3612 Sic
1123 3550 1306 3613 seruit
1343 3551 1682 3625 dominans,
1726 3554 1813 3611 sic
1853 3553 2057 3629 regula
2094 3554 2259 3627 fallit,
2302 3564 2363 3616 et
2403 3564 2569 3616 extra

986 3646 1208 3709 Deuiat
1247 3648 1348 3707 illa
1387 3648 1523 3721 dee,
1569 3668 1688 3727 que
1732 3649 1885 3712 foret
1926 3650 2087 3711 intus
2130 3652 2333 3713 homo,

983 3746 1238 3806 Stulcior
1277 3764 1320 3809 o
1359 3746 1562 3819 stulto,
1601 3758 1983 3809 commutans
2020 3748 2209 3809 celica
2250 3750 2498 3824 mundo,

983 3844 1362 3921 Postponens
1399 3862 1610 3905 aurum
1651 3845 1853 3923 queris
1892 3846 2115 3909 habere
2152 3846 2363 3907 lutum.

1062 3943 1189 4005 Cur
1225 3942 1510 4005 dominus
1549 3962 1762 4017 rerum,
1805 3962 1991 4022 quare
2032 3945 2268 4007 deitatis
2308 3964 2529 4024 ymago

981 4042 1174 4100 Pania
1211 4040 1380 4118 cupis
1397 4044 1426 4102 Ρ
1507 4040 1731 4120 Cupias
1774 4042 2035 4103 maxima
2076 4060 2329 4120 magnus
2370 4044 2579 4105 homo.

979 4137 1161 4200 Orbis
1201 4148 1488 4203 terrarum
1525 4150 1664 4201 tuus
1705 4150 1813 4213 est,
1858 4150 1919 4201 et
1958 4138 2250 4218 quicquid
2292 4139 2372 4202 ab
2414 4141 2519 4203 illo

981 4236 1312 4311 Clauditur,
1355 4234 1598 4297 arbitrio
1639 4237 1917 4300 subditur
1953 4256 2139 4300 omne
2180 4246 2323 4299 tuo:

1337 4349 1438 4411 ⁶84
1469 4350 1649 4411 queris
1665 4349 1803 4403 sGL
1867 4351 2032 4401 mauis
2058 4350 2265 4417 (navis)
2286 4349 2493 4401 clu-11>
