3434 5142
1129 451 1413 517 LIBER
1470 451 1939 519 SEPTIMUS
2508 480 2627 541 311

601 609 680 670 Et
721 611 890 687 quasi
931 629 1094 673 nunc
1134 612 1444 691 speculum
1485 612 1733 673 denotat
1773 616 1971 675 omnis
2010 633 2166 677 eum.

678 709 850 768 Talia
890 727 995 786 per
1033 719 1214 771 terras
1254 709 1415 769 fatali
1455 711 1587 787 lege
1623 722 1923 788 geruntur,

601 806 684 865 Vt
721 817 1012 885 reputant,
1057 818 1146 867 set
1188 826 1301 884 ego
1343 826 1469 867 non
1507 806 1590 867 ita
1631 819 1787 870 stare
1826 820 2010 886 puto:
2508 836 2635 887 1400

603 902 746 965 Non
786 915 877 965 est
917 904 1170 979 fortuna,
1216 924 1336 983 que
1375 904 1516 965 talia
1556 917 1761 966 causat
1803 905 2097 981 habenda,

602 1001 734 1061 Nec
775 1020 918 1075 sors,
963 1012 1054 1063 set
1094 1003 1303 1063 merita
1345 1014 1545 1063 nostra
1585 1022 1692 1080 per
1730 1012 1866 1063 acta
1906 1006 2079 1066 mala.

600 1099 723 1175 Qui
765 1109 967 1160 tamen
1005 1101 1162 1161 hanc
1203 1111 1356 1161 stare
1398 1102 1582 1161 modo
1623 1102 1813 1162 credit
1854 1112 1913 1162 et
1954 1102 2111 1163 hanc
2150 1122 2430 1165 reuocare

603 1198 765 1271 Vult,
809 1208 1018 1275 purget
1058 1200 1302 1272 crimen,
1347 1196 1434 1259 sic
1474 1198 1780 1259 reuocabit
1820 1218 1993 1261 eam:

600 1295 815 1354 Gracia
855 1306 1130 1373 prompta
1171 1296 1269 1356 dei
1312 1294 1698 1373 querentibus
1740 1298 2091 1372 inuenietur,

601 1394 759 1451 Nam
801 1391 914 1453 sibi
955 1395 1257 1453 conuersis
1298 1395 1540 1454 vertitur
1579 1394 1709 1471 ipse
1749 1396 1919 1456 deus.

602 1492 766 1553 Dum
806 1492 905 1567 pia
944 1509 1056 1568 pro
1094 1509 1242 1567 pace
1281 1492 1499 1553 cecinit
1537 1493 1840 1569 processio
1880 1504 2048 1568 terre,

601 1586 918 1665 Firmaque
959 1587 1190 1651 iusticia
1229 1590 1447 1651 fecerat
1485 1600 1620 1650 acta
1658 1608 1785 1664 sua,

601 1686 888 1763 Dumque
929 1687 1076 1747 fides
1117 1697 1360 1747 steterat
1397 1698 1460 1747 et
1499 1705 1668 1748 amor
1709 1690 1862 1748 sine
1904 1688 2063 1751 labe
2100 1692 2447 1766 manebat,

601 1786 819 1859 Tunc,
864 1787 1030 1863 quia
1069 1804 1198 1863 pax
1239 1786 1479 1863 viguit,
1527 1804 1680 1845 sors
1725 1786 1911 1846 bona
1952 1798 2212 1849 cuncta
2258 1790 2441 1851 tulit.
2505 1812 2635 1863 1410

603 1883 806 1944 Nunc
846 1882 1019 1961 igitur
1059 1894 1262 1944 nostra
1301 1882 1392 1943 sit
1431 1884 1575 1943 vita
1614 1883 1749 1943 deo
1788 1893 2090 1959 renouata,

602 1982 662 2041 N
665 2000 700 2041 e
740 1999 866 2041 sors
909 1981 1148 2047 fortuita
1189 1982 1322 2057 plus
1363 1990 1544 2057 queat
1585 1998 1716 2041 esse
1758 1980 1950 2042 mala:

601 2079 762 2138 Vota
802 2087 1034 2137 vetusta
1075 2096 1316 2155 precum
1359 2076 1604 2137 redeant
1645 2077 1895 2138 domino
1937 2077 2335 2154 dominorum,

601 2176 684 2235 Vt
724 2175 926 2235 redeat
967 2176 1248 2236 dominus
1289 2193 1429 2234 cum
1471 2175 1691 2252 pietate
1733 2176 1895 2251 suis3

605 2274 720 2333 Per
759 2290 940 2350 quem
981 2292 1096 2350 pax
1136 2284 1196 2333 et
1237 2274 1432 2334 honor
1472 2284 1532 2332 et
1571 2282 1844 2350 tempora
1883 2293 2029 2335 sana
2068 2275 2364 2350 redibunt,

603 2372 743 2447 Que
782 2389 890 2448 pro
931 2380 1179 2447 peccato
1221 2380 1360 2430 sunt
1400 2367 1649 2447 fugitiua
1687 2371 1890 2431 mod0.

684 2472 972 2545 Prospera
1011 2469 1114 2545 qui
1154 2468 1368 2528 veteris
1409 2468 1535 2527 vult
1576 2467 1860 2545 temporis
1904 2488 2035 2531 esse
2075 2481 2293 2545 renata,

605 2566 846 2627 Reddat
886 2575 946 2626 et
987 2565 1268 2626 emendet
1308 2566 1462 2625 facta
1501 2563 1698 2642 priora
1739 2568 1927 2626 nouis

545 2674 552 2683 ‘
604 2664 716 2723 Est
755 2664 904 2723 deus
946 2664 1075 2741 ipse
1114 2664 1228 2742 piis
1270 2664 1404 2740 pius
1445 2672 1506 2723 et
1547 2682 1791 2724 seuerus
1834 2663 2069 2743 iniquis,

602 2762 702 2823 Sic
742 2762 897 2822 valet
937 2761 1018 2823 ob
1059 2760 1338 2821 meritum
1379 2760 1646 2839 quisquis
1687 2762 1909 2823 habere
1948 2764 2147 2825 deum.
2508 2788 2637 2838 1420

604 2860 734 2921 Nos
775 2858 964 2937 igitur,
1008 2861 1271 2934 domine,
1314 2870 1418 2919 tua
1456 2861 1668 2937 gracia,
1712 2879 1831 2938 que
1872 2860 2025 2921 solet
2064 2862 2209 2921 olim

604 2959 781 3019 Ferre
819 2958 934 3018 reis
975 2957 1228 3046 veniam,
1273 2968 1334 3017 te
1373 2956 1692 3018 miserante
1732 2956 1937 3018 iuuet:

602 3056 909 3133 Anticipet
947 3056 1136 3133 pietas
1178 3066 1280 3115 tua
1319 3074 1450 3128 nOS,
1494 3072 1572 3115 ne
1611 3054 1775 3115 dicat
1814 3074 2021 3115 eorum

602 3154 786 3227 Gens,
837 3158 850 3183 ‘
872 3152 996 3213 Vbi
1034 3154 1111 3213 sit
1149 3150 1448 3225 dominus,
1489 3150 1597 3228 qui
1637 3153 1790 3212 solet
1830 3168 1961 3213 esse
2001 3151 2210 3229 pius?’

603 3255 717 3326 Da,
760 3270 984 3329 precor,
1026 3268 1334 3309 accessum
1374 3246 1648 3322 lacrimis,
1689 3246 2017 3323 mitissime,
2062 3250 2293 3323 nostris,

605 3351 765 3410 Nam
807 3348 935 3409 sine
975 3358 1036 3409 te
1077 3348 1305 3408 nullum
1349 3345 1464 3407 scis
1506 3347 1671 3425 quod
1713 3347 2006 3408 habemus
2047 3366 2266 3426 opem:

605 3448 665 3509 N
667 3466 786 3508 unc
826 3457 931 3507 tua
969 3465 1078 3523 pro
1120 3444 1298 3522 lapsis
1339 3446 1562 3505 nitatur
1599 3444 1797 3522 gracia
1836 3444 2031 3519 rebuS,

607 3546 828 3606 Nostra
870 3564 984 3605 nec
1025 3545 1284 3605 anterior
1323 3544 1400 3604 sit
1439 3541 1548 3603 tibi
1590 3544 1769 3620 culpa
1808 3561 2076 3603 memor:

605 3645 954 3720 Numquam
995 3643 1159 3720 pigra
1199 3640 1310 3701 fuit
1349 3634 1544 3701 causis
1585 3650 1690 3700 tua
1727 3642 1925 3718 gracia
1963 3640 2214 3701 nostris:

606 3742 718 3802 Est
759 3740 862 3802 vbi
900 3760 1062 3801 nunc
1105 3741 1219 3814 illa,
1264 3758 1383 3817 que
1423 3739 1577 3799 solet
1618 3757 1751 3799 esse
1791 3739 1999 3799 salus?
2512 3762 2641 3813 1430

607 3840 736 3899 Nos
777 3848 1118 3916 peccatores
1159 3855 1382 3911 sumus»,
1426 3848 1486 3897 et
1525 3846 1592 3895 tu
1633 3837 1767 3913 plus
1808 3837 2129 3907 miserator,

605 3935 1122 4024 Scit-bonitasque
1161 3946 1264 3994 tua
1305 3953 1414 3994 nos
1457 3952 1608 4011 opus
1649 3952 1783 3994 esse
1824 3943 2029 3995 tuum:

603 4032 668 4094 Si
707 4034 842 4110 plus
881 4043 1153 4111 peccaret
1191 4032 1295 4105 vir,
1339 4032 1508 4108 plura
1546 4032 1846 4091 remittere
1883 4050 2107 4108 posseS,

606 4132 924 4191 Materiam
963 4131 1138 4191 venie
1176 4148 1304 4190 sors
1342 4128 1452 4190 tibi
1493 4138 1697 4188 nostra
1738 4128 1922 4189 dedit.

513 4292 640 4341 1409
653 4278 688 4328 f.
711 4292 984 4327 commune
1007 4278 1217 4340 regebat
1234 4276 1464 4326 Perstitit
1481 4275 1534 4324 in
1555 4276 1706 4325 nobis
1726 4284 1852 4325 tunc
1870 4276 2037 4325 honor
2052 4282 2208 4339 atque
2223 4276 2361 4325 salus
2380 4274 2641 4324 EDLTH2

445 4356 680 4419 (gerebat
703 4354 770 4418 E)
990 4368 1114 4417 1411
1153 4355 1274 4407 Sint
1295 4356 1450 4419 igitur
1471 4359 1650 4405 nostra
1671 4352 1809 4405 bona
1828 4354 1963 4405 facta
1986 4354 2085 4404 deo
2106 4360 2356 4405 renouata
2378 4351 2641 4403 EDLTH2

445 4433 712 4497 (reuocata
737 4433 802 4498 1.)
