3434 5142
1128 465 1414 530 LIBER
1469 466 1943 533 SEPTIMUS
2508 489 2637 549 299

596 624 961 687 Subuertens
1002 625 1202 687 subito
1243 626 1410 703 quod
1449 626 1560 685 fuit
1599 637 1739 687 ante
1778 638 1973 689 metm:

597 724 814 785 Predat
852 742 1014 801 opes,
1057 725 1210 785 vires
1250 724 1512 798 nichila,
1556 724 1840 802 disiungit
1878 726 2121 801 arnicoS,

598 824 766 882 Auro
807 840 920 882 nec
959 822 1172 882 redimi
1213 822 1785 899 quomodocumque
1826 833 2063 900 potest:

595 918 780 979 Tollit
819 920 1051 996 agenda
1091 920 1245 991 viria,
1289 919 1486 980 reddit
1527 928 1730 979 tamen
1770 920 2005 981 actibus
2044 921 2223 1075 ipsos,

595 1015 930 1093 Compotus
971 1025 1032 1075 vt
1073 1016 1173 1075 fiat
1213 1014 1428 1078 iudicis
1467 1025 1609 1077 ante
1649 1017 1853 1093 pedes.

596 1109 708 1170 Ille
748 1109 994 1187 quidem
1038 1110 1244 1183 Iudex,
1289 1109 1396 1188 qui
1434 1110 1666 1187 singula
1707 1110 1932 1172 iudicat
1972 1128 2144 1188 eque,

593 1207 851 1267 Munera
891 1226 1072 1284 quem
1113 1209 1326 1269 mundi
1367 1208 1606 1269 flectere
1645 1210 1812 1269 nulla
1851 1220 2116 1285 queunt:
2530 1228 2631 1285 970

595 1304 951 1382 Iudicioque
991 1324 1102 1367 suo
1143 1307 1338 1383 capiet
1377 1308 1466 1367 vir
1503 1308 1685 1384 digna
1726 1306 1945 1368 laboris

594 1401 828 1463 Premia
867 1420 976 1479 pro
1018 1404 1240 1465 meritis
1279 1403 1510 1482 absque
1549 1404 1755 1467 fauore
1794 1405 1938 1465 suis.

501 1586 624 1641 Hic
683 1586 958 1655 loquitur
1017 1588 1204 1658 quod,
1257 1590 1545 1659 quamuis
1601 1588 1797 1645 iustis
1863 1590 1930 1645 et
1986 1588 2245 1647 initiatis
2310 1604 2479 1645 vnn·
2544 1590 2632 1645 eit

428 1674 808 1730 naturaliter
873 1676 1192 1742 interitus,
1256 1691 1428 1733 mora
1494 1679 1712 1733 tamen
1776 1676 1933 1735 insti
2003 1692 2227 1733 omnes
2292 1678 2631 1735 euoluens

428 1763 723 1819 miseriae
757 1763 894 1819 eius
929 1764 1220 1833 spiritum
1255 1764 1457 1835 glorie
1491 1765 1699 1822 redcut
1736 1765 2134 1835 sempiterne.

163 1885 367 1961 Capm.
397 1883 548 1943 xviii.

675 1885 878 1947 Iustus
920 1895 980 1945 et
1019 1883 1272 1945 iniustus
1312 1903 1419 1961 per
1457 1895 1713 1947 mortem
1754 1884 1963 1947 transit
2000 1894 2265 1963 vterque,

588 1984 894 2060 Terraque
933 1993 1092 2043 sorte
1134 1981 1260 2059 pari
1299 2002 1516 2060 corpus
1557 1994 1874 2061 vti-umque
1914 1989 2117 2046 vorat:

591 2079 902 2157 Disparilis
943 2078 1138 2141 meriti
1179 2090 1356 2141 restat
1396 2092 1598 2142 tamen
1638 2079 1828 2143 exitus
1872 2080 2103 2154 horum,

589 2178 700 2240 Est
742 2197 880 2239 nam
922 2179 1042 2243 leta
1081 2177 1257 2239 bonis
1297 2196 1458 2239 mors
1500 2190 1560 2239 et
1600 2196 1801 2239 amara
1842 2177 2029 2239 malis·

590 2277 701 2337 Est
741 2274 916 2355 igitur
955 2275 1094 2337 felix
1135 2277 1322 2339 homo
1361 2275 1467 2354 qui
1507 2276 1716 2339 vinens
1756 2275 1915 2339 bene
1954 2274 2113 2351 fecit,

591 2375 734 2449 Quo
775 2372 1038 2437 moriens
1077 2373 1293 2451 poterit
1333 2392 1568 2435 sumere
1609 2375 1772 2435 dona
1812 2374 1954 2450 dei;

589 2472 769 2533 Dona
809 2470 1052 2550 quidem
1096 2470 1226 2547 celi,
1271 2491 1395 2550 quo
1433 2470 1651 2551 gaudia
1689 2482 1909 2533 cuncta
1951 2472 2258 2551 refulgent,

586 2570 731 2645 Quo
771 2568 900 2632 sine
940 2569 1182 2633 tristicia
1221 2568 1342 2631 vita
1381 2568 1702 2647 perhennis
1743 2569 1869 2633 erit·
2522 2578 2625 2645 980

587 2668 756 2728 Mors
797 2667 1001 2741 aberit,
1047 2668 1309 2741 morbus,
1353 2667 1537 2741 labor,
1583 2666 1788 2744 hostiS,
1834 2686 2015 2731 curua
2056 2678 2347 2741 senectus,

587 2766 729 2824 Non
770 2763 951 2825 habet
991 2766 1106 2827 hec
1147 2764 1284 2830 felix
1322 2762 1424 2827 illa
1463 2783 1721 2843 superna
1760 2766 2014 2829 domus:

587 2860 898 2939 Spiritibus
941 2862 1188 2927 summis
1229 2862 1474 2941 equabit
1513 2862 1708 2940 gracia
1748 2861 1917 2941 regis,

586 2960 704 3019 Pro
743 2958 962 3037 quibus
1003 2970 1094 3020 est
1135 2961 1286 3020 vltro
1327 2976 1536 3037 passus
1577 2978 1779 3019 amara
1818 2960 2025 3020 cruciS.

665 3056 790 3118 Hic
829 3069 920 3117 est
959 3056 1061 3118 ille
1100 3058 1268 3118 locus
1307 3056 1470 3135 pacis
1513 3075 1634 3135 que
1673 3054 1937 3133 potentis
1978 3055 2237 3131 honoris,

581 3155 725 3231 Quo
765 3154 1011 3217 tenebre
1051 3157 1230 3229 nulle,
1273 3172 1397 3232 quo
1437 3154 1568 3215 sine
1611 3164 1789 3214 noete
1830 3152 1959 3215 dies
1983 3176 2002 3230 ς

583 3253 726 3330 Quo
767 3255 916 3315 deus
957 3253 1255 3331 absterget
1295 3251 1598 3313 lacrimam
1641 3253 2006 3328 luctumque,
2051 3269 2165 3312 nec
2202 3250 2347 3312 illuc

580 3349 856 3428 Amplius
895 3359 1000 3411 aut
1039 3352 1264 3413 clamor
1302 3361 1405 3411 aut
1445 3350 1620 3411 dolor
1661 3349 1813 3409 vllus
1854 3347 1999 3410 erit:

579 3448 640 3508 N
643 3466 713 3508 ec
755 3466 916 3508 mors
957 3466 1068 3507 nec
1109 3447 1372 3521 morbus,
1411 3445 1554 3521 sitis,
1597 3444 1821 3509 esuries
1862 3465 1976 3507 nec
2017 3457 2261 3524 egestae,

578 3545 683 3605 Set
721 3564 918 3623 neque
957 3564 1130 3607 oesus
1170 3545 1352 3607 habet
1391 3547 1553 3607 hunc
1593 3543 1863 3608 habitare
1902 3545 2119 3606 locum.
2516 3571 2617 3621 990

581 3644 712 3702 Lux
753 3641 837 3704 ibi
878 3644 1180 3718 continua,
1223 3661 1340 3721 pax
1379 3644 1548 3721 iugis,
1590 3644 1777 3720 gloria
1818 3661 2047 3722 pen-pen,

580 3740 722 3799 Vita
764 3738 955 3815 beata,
999 3741 1158 3801 salus
1197 3759 1352 3815 vera,
1395 3740 1714 3817 perhennis
1754 3758 1964 3801 amor:

581 3838 693 3898 Est
732 3836 816 3897 ibi
857 3856 992 3915 spes
1033 3857 1152 3916 que
1191 3839 1361 3910 fides,
1403 3838 1658 3912 bonitas»,
1702 3838 1852 3911 lauS,
1893 3837 2108 3915 gracia,
2152 3837 2355 3910 vidua,

579 3935 819 4008 Sensus„
862 3953 1046 4008 amor,
1089 3936 1295 4013 pietas,
1338 3936 1538 4013 gloria,
1584 3936 1789 4009 forma,
1832 3934 2039 3997 decus.

581 4032 694 4093 Est
733 4032 864 4091 sine
905 4034 1080 4093 sorde
1119 4050 1258 4095 caro
1298 4033 1592 4107 iuueniliS,
1637 4042 1698 4093 et
1736 4032 1969 4109 absque
2008 4042 2251 4093 senecta

579 4131 742 4204 Etas,
785 4130 1004 4191 diuicie
1044 4140 1183 4191 sunt
1221 4130 1352 4193 sine
1391 4128 1526 4191 labe
1567 4129 1728 4189 doli:

578 4229 690 4287 Est
729 4245 845 4305 pax
883 4225 1112 4305 absque
1153 4237 1334 4300 metu,
1378 4226 1573 4287 honor
1612 4226 1811 4287 omnis
1852 4234 1915 4287 et
1951 4223 2183 4304 absque
2224 4224 2523 4305 superb03

576 4324 827 4405 Absque
867 4324 1070 4387 labore
1109 4326 1296 4405 quies,
1339 4322 1570 4402 absque
1607 4323 1819 4387 dolore
1858 4324 2036 4387 salus·

1317 4460 1416 4511 997
1447 4453 1503 4501 et
1525 4460 1630 4497 om.
1655 4445 1696 4497 S
