3434 5142
965 490 1443 555 VICIORUM
1509 490 2125 555 PESTILENCIA
2536 508 2657 570 347

625 647 894 710 Ecclesie
934 649 1176 709 turbant
1215 650 1472 710 subdola
1511 648 1718 727 sicque
1760 650 1959 710 fidem·

628 749 916 807 Inuentor
957 746 1192 807 sceleris
1234 750 1552 807 sceleratus
1593 758 1865 825 apostata
1900 744 2124 825 primus

625 843 942 922 Angelicas
983 856 1206 905 turmas
1247 844 1458 923 polluit
1499 844 1627 923 ipse
1667 843 1869 922 prius3

631 944 896 1019 Postque
937 940 1052 1001 ruit
1093 952 1326 1002 nostros
1367 941 1622 1020 paradisi
1665 944 1810 1003 sede
1850 952 2141 1021 parentes»,

625 1042 946 1118 Morteque
985 1038 1192 1099 vitales
1234 1040 1451 1100 fecerat
1491 1059 1622 1100 esse
1663 1060 1796 1101 reos
1823 1062 1837 1100 ε

623 1138 891 1200 Callidus
931 1136 1032 1198 hic
1077 1156 1320 1215 serpens
1359 1157 1474 1199 nec
1513 1140 1714 1199 adhuc
1756 1137 1986 1200 desistit
2026 1138 2090 1198 in
2131 1138 2292 1210 orbe,

625 1236 790 1313 Quin
834 1235 1021 1314 magis
1061 1234 1125 1297 in
1167 1235 1344 1298 Cristi
1387 1236 1549 1296 lollia
1589 1256 1782 1297 messe
1824 1236 1979 1297 serit.

626 1337 786 1394 Ecce
827 1353 1050 1393 nouam
1093 1345 1334 1408 sectam,
1381 1334 1560 1395 mittit
1602 1355 1721 1414 que
1760 1334 1953 1413 plebis
1994 1333 2059 1395 in
2098 1352 2287 1407 aureS,
2602 1357 2663 1405 30

621 1433 722 1491 Ad
764 1431 906 1493 fidei
947 1434 1278 1513 dampnum
1321 1436 1602 1495 scandala
1643 1436 1812 1514 plura
1852 1434 2011 1494 canit
2038 1456 2049 1493 :

625 1529 724 1589 Sic
765 1541 935 1591 vetus
977 1530 1224 1610 insurgit
1263 1530 1486 1593 heresis
1528 1530 1698 1610 quasi
1742 1531 2058 1605 Iouiniani‚

624 1629 802 1689 Vnde
845 1630 1134 1691 moderna
1174 1631 1324 1690 fides
1366 1631 1802 1691 commaculata
1841 1632 2043 1691 dolet:

623 1728 983 1806 Vsurpando
1025 1730 1206 1789 fidem
1249 1730 1478 1788 vultum
1521 1727 1803 1788 mentitur
1844 1730 2180 1801 honestum,

624 1824 884 1886 Caucius
926 1836 990 1887 vt
1028 1827 1298 1888 fraudem
1339 1824 1544 1904 palliet
1582 1825 1726 1887 inde
1768 1846 1977 1886 suam:

624 1922 750 1982 Sub
790 1943 994 2001 grossa
1033 1926 1171 1983 lana
1209 1924 1398 1983 linum
1441 1922 1656 1984 subtile
1699 1933 1949 1997 tenetur,

624 2020 982 2099 Simplicitas
1023 2024 1220 2081 vultus
1262 2023 1445 2082 corda
1485 2023 1696 2082 dolosa
1738 2021 1897 2099 tegit.

625 2119 946 2179 Fermento
988 2118 1170 2179 veteri
1211 2118 1343 2179 talis
1383 2118 1708 2197 corrumpit
1748 2137 2048 2191 aceruum,

625 2214 748 2291 Qui
789 2235 951 2275 noua
991 2215 1328 2294 conspergit
1369 2227 1429 2277 et
1470 2215 1807 2278 dubitanda
1846 2228 2087 2277 mouet:

626 2313 792 2372 Dum
837 2312 1022 2391 magis
1063 2312 1344 2388 incantat,
1388 2314 1602 2374 obtura
1641 2326 1706 2374 tu
1749 2313 1936 2392 magis
1977 2334 2165 2387 aureS,
2592 2340 2659 2388 40

627 2410 870 2471 Forcius
913 2422 973 2471 et
1013 2410 1210 2473 cordis
1252 2410 1405 2472 ostia
1444 2412 1656 2472 claude
1697 2411 1821 2472 tui:

623 2507 1014 2587 Simplicitate
1054 2520 1157 2569 tua
1195 2528 1275 2569 ne
1316 2511 1523 2570 credas
1566 2529 1747 2570 omne
1788 2510 1956 2587 quod
1998 2508 2213 2583 audis;

623 2608 761 2683 Que
804 2608 983 2668 docet
1022 2606 1337 2685 ambiguus
1377 2619 1586 2668 auctor
1623 2606 1835 2667 aborta
1872 2627 2057 2668 caue:

623 2704 726 2764 Nil
769 2704 1050 2766 nouitatis
1091 2706 1321 2766 habens
1362 2717 1465 2766 tua
1506 2726 1676 2766 mens
1717 2704 2030 2766 fantastica
2071 2707 2284 2778 cedat3

622 2804 704 2862 Vt
746 2814 913 2882 pater
951 2814 1092 2864 ante
1133 2814 1270 2864 tuus
1311 2802 1580 2879 credidit,
1624 2814 1760 2864 acta
1800 2805 1947 2864 cole.

621 2902 780 2961 Vera
820 2903 970 2962 fides
1012 2901 1192 2964 Cristi
1231 2922 1356 2962 non
1397 2901 1628 2975 hesitat,
1671 2901 1862 2962 immo
1902 2902 2108 2962 fideles

625 2997 821 3059 Efficit
860 3012 924 3059 vt
963 3002 1210 3060 credant
1249 2998 1446 3060 cordis
1486 3019 1687 3059 amore
1730 2997 1857 3058 sui:

624 3094 728 3154 Nil
769 3098 924 3156 valet
966 3096 1065 3155 illa
1106 3097 1256 3156 fides
1295 3096 1397 3155 vbi
1438 3115 1530 3155 res
1571 3094 1741 3156 dabit
1781 3094 2268 3173 experimentum,

624 3196 772 3271 Spes
814 3206 1015 3255 tamen
1058 3195 1122 3255 in
1165 3195 1364 3257 Cristo
1404 3198 1532 3255 sola
1571 3194 1816 3273 requirit
1856 3215 2033 3255 eum:

627 3294 817 3352 Recta
857 3294 1006 3354 fides
1048 3293 1339 3372 quicquid
1378 3302 1604 3354 rectum
1645 3292 1813 3371 petit,
1857 3312 2037 3354 omne
2082 3304 2353 3365 meretur,
2598 3314 2665 3363 50

623 3389 930 3468 Quicquid
971 3391 1256 3470 possibile
1295 3389 1569 3463 creditur,
1613 3390 1745 3471 ipsa
1783 3401 1996 3470 potest.

622 3492 992 3567 Argumenta
1031 3491 1182 3551 fides
1223 3491 1328 3551 dat
1369 3509 1564 3549 rerum
1607 3509 1727 3567 que
1768 3507 1966 3566 neque
2007 3486 2158 3560 sciri,

622 3587 682 3645 N
686 3607 755 3647 ec
798 3598 1049 3667 possunt
1087 3589 1272 3649 verbo
1313 3608 1427 3649 nec
1467 3586 1707 3649 racione
1748 3586 1917 3666 capi:

621 3685 827 3745 Subde
869 3698 1033 3745 tuam
1075 3686 1218 3747 fidei
1258 3696 1540 3760 mentem,
1585 3683 1727 3764 quia
1767 3684 1973 3746 mortis
2012 3702 2228 3761 ymago

623 3782 850 3844 Iudicis
891 3784 1079 3844 eterni
1119 3783 1352 3844 mistica
1391 3783 1541 3845 scire
1582 3782 1826 3861 nequit:

621 3883 702 3940 Vt
744 3883 906 3941 solus
947 3883 1141 3943 facere
1179 3880 1384 3955 voluit,
1429 3880 1515 3941 sic
1557 3880 1705 3941 scire
1747 3878 1987 3940 volebat

622 3980 814 4053 SoluS‚
858 3990 920 4040 et
959 3980 1078 4040 hoc
1119 3978 1267 4039 nulli
1306 3977 1680 4058 participauit
1722 3998 1891 4057 opuS.

622 4080 760 4136 Vna
799 4077 946 4155 quid
987 4078 1066 4139 ad
1109 4080 1297 4139 solem
1339 4076 1560 4137 sintilla
1599 4078 1775 4150 valet,
1816 4078 1910 4136 vel
1950 4076 2031 4136 ad
2070 4093 2259 4153 equor

623 4176 825 4247 Gutta,
870 4178 964 4236 vel
1004 4178 1084 4237 ad
1126 4178 1323 4237 celum
1366 4174 1513 4253 quid
1555 4173 1704 4234 cinis
1748 4193 1878 4233 esse
1919 4174 2159 4251 potest?

622 4271 912 4333 Leticiam
953 4276 1164 4347 luctuS‚
1211 4294 1372 4334 mors
1411 4271 1611 4347 vitam,
1656 4269 1873 4350 gaudia
1912 4272 2087 4333 fletus
2332 4336 2337 4345 ,
2595 4280 2663 4328 60

623 4370 682 4431 N
685 4389 766 4430 on
806 4382 1045 4445 norunt,
1089 4391 1203 4433 nec
1245 4391 1363 4449 que
1403 4382 1544 4431 sunt
1584 4368 1822 4431 deitatis
1864 4370 2086 4430 homo:

525 4493 590 4542 35
625 4478 801 4542 palliet
825 4480 866 4531 1··
890 4478 1062 4547 (corr.)
1129 4482 1318 4546 palleat
1341 4480 1576 4531 SCHLB
1641 4478 1817 4544 palent
1838 4479 1882 4529 E
2077 4480 2143 4543 58
2176 4476 2398 4529 scintilla
2420 4475 2559 4527 CEL
