<?xml version="1.0" encoding="UTF-8"?>
<!DOCTYPE html PUBLIC "-//W3C//DTD XHTML 1.0 Transitional//EN"
    "http://www.w3.org/TR/xhtml1/DTD/xhtml1-transitional.dtd">
<html xmlns="http://www.w3.org/1999/xhtml" xml:lang="en" lang="en">
 <head>
  <title>
</title>
<meta http-equiv="Content-Type" content="text/html;charset=utf-8" />
  <meta name='ocr-system' content='tesseract 3.04.00' />
  <meta name='ocr-capabilities' content='ocr_page ocr_carea ocr_par ocr_line ocrx_word'/>
</head>
<body>
  <div class='ocr_page' id='page_1' title='image "./completeworksjo01macagoog_0256.png"; bbox 0 0 3434 5142; ppageno 0'>
   <div class='ocr_carea' id='block_1_1' title="bbox 740 508 857 566">
    <p class='ocr_par' dir='ltr' id='par_1_1' title="bbox 740 508 857 566">
     <span class='ocr_line' id='line_1_1' title="bbox 740 508 857 566; baseline 0 0"><span class='ocrx_word' id='word_1_1' title='bbox 740 508 857 566; x_wconf 91' lang='lat'><strong>166</strong></span> 
     </span>
    </p>
   </div>
   <div class='ocr_carea' id='block_1_2' title="bbox 1444 497 2335 566">
    <p class='ocr_par' dir='ltr' id='par_1_2' title="bbox 1444 497 2335 566">
     <span class='ocr_line' id='line_1_2' title="bbox 1444 497 2335 566; baseline -0.002 -2"><span class='ocrx_word' id='word_1_2' title='bbox 1444 500 1641 566; x_wconf 90' lang='lat' dir='ltr'><strong>VOX</strong></span> <span class='ocrx_word' id='word_1_3' title='bbox 1698 497 2238 566; x_wconf 87' lang='lat' dir='ltr'><strong>CLAMANTIS</strong></span> <span class='ocrx_word' id='word_1_4' title='bbox 2327 527 2335 534; x_wconf 63' lang='grc'>’</span> 
     </span>
    </p>
   </div>
   <div class='ocr_carea' id='block_1_3' title="bbox 606 1227 2944 1737">
    <p class='ocr_par' dir='ltr' id='par_1_3' title="bbox 740 1227 2944 1562">
     <span class='ocr_line' id='line_1_3' title="bbox 808 1227 2939 1299; baseline 0 -17"><span class='ocrx_word' id='word_1_5' title='bbox 808 1227 1028 1299; x_wconf 72' lang='lat' dir='ltr'><strong>Exque</strong></span> <span class='ocrx_word' id='word_1_6' title='bbox 1050 1228 1361 1284; x_wconf 62' lang='lat' dir='ltr'><strong>mctauit</strong></span> <span class='ocrx_word' id='word_1_7' title='bbox 1385 1229 1462 1284; x_wconf 83' lang='lat' dir='ltr'><strong>de</strong></span> <span class='ocrx_word' id='word_1_8' title='bbox 1492 1241 1698 1284; x_wconf 79' lang='lat' dir='ltr'><strong>errore</strong></span> <span class='ocrx_word' id='word_1_9' title='bbox 1721 1227 1888 1291; x_wconf 83' lang='lat' dir='ltr'><strong>cleri,</strong></span> <span class='ocrx_word' id='word_1_10' title='bbox 1922 1227 2006 1282; x_wconf 78' lang='lat' dir='ltr'><strong>ad</strong></span> <span class='ocrx_word' id='word_1_11' title='bbox 2041 1242 2224 1297; x_wconf 85' lang='lat' dir='ltr'><strong>quem</strong></span> <span class='ocrx_word' id='word_1_12' title='bbox 2257 1228 2544 1297; x_wconf 79' lang='lat' dir='ltr'>precipue</span> <span class='ocrx_word' id='word_1_13' title='bbox 2573 1231 2939 1284; x_wconf 73' lang='lat' dir='ltr'><strong>nostrarum</strong></span> 
     </span>
     <span class='ocr_line' id='line_1_4' title="bbox 740 1315 2942 1386; baseline 0 -15"><span class='ocrx_word' id='word_1_14' title='bbox 740 1319 991 1384; x_wconf 72' lang='lat' dir='ltr'><strong>spectat</strong></span> <span class='ocrx_word' id='word_1_15' title='bbox 1038 1317 1318 1386; x_wconf 71' lang='lat' dir='ltr'><strong>regimen</strong></span> <span class='ocrx_word' id='word_1_16' title='bbox 1362 1315 1736 1381; x_wconf 75' lang='lat' dir='ltr'><strong>animarum,</strong></span> <span class='ocrx_word' id='word_1_17' title='bbox 1781 1315 1913 1369; x_wconf 81' lang='lat' dir='ltr'><strong>iam</strong></span> <span class='ocrx_word' id='word_1_18' title='bbox 1959 1315 2232 1372; x_wconf 79' lang='lat' dir='ltr'><strong>intendit</strong></span> <span class='ocrx_word' id='word_1_19' title='bbox 2281 1319 2562 1371; x_wconf 82' lang='lat' dir='ltr'><strong>tractare</strong></span> <span class='ocrx_word' id='word_1_20' title='bbox 2608 1316 2685 1372; x_wconf 84' lang='lat' dir='ltr'><strong>de</strong></span> <span class='ocrx_word' id='word_1_21' title='bbox 2731 1331 2942 1372; x_wconf 83' lang='lat' dir='ltr'><strong>errore</strong></span> 
     </span>
     <span class='ocr_line' id='line_1_5' title="bbox 740 1403 2942 1474; baseline 0.001 -17"><span class='ocrx_word' id='word_1_22' title='bbox 740 1406 1023 1460; x_wconf 85' lang='lat' dir='ltr'><strong>virorum</strong></span> <span class='ocrx_word' id='word_1_23' title='bbox 1058 1403 1559 1474; x_wconf 75' lang='lat' dir='ltr'><strong>Religiosomm:</strong></span> <span class='ocrx_word' id='word_1_24' title='bbox 1606 1406 1673 1460; x_wconf 86' lang='lat' dir='ltr'><strong>et</strong></span> <span class='ocrx_word' id='word_1_25' title='bbox 1712 1404 1918 1472; x_wconf 79' lang='lat' dir='ltr'><strong>primo</strong></span> <span class='ocrx_word' id='word_1_26' title='bbox 1961 1404 2129 1460; x_wconf 76' lang='lat' dir='ltr'><strong>dIcet</strong></span> <span class='ocrx_word' id='word_1_27' title='bbox 2171 1403 2248 1460; x_wconf 84' lang='lat' dir='ltr'><strong>de</strong></span> <span class='ocrx_word' id='word_1_28' title='bbox 2295 1403 2649 1467; x_wconf 76' lang='lat' dir='ltr'><strong>Monachis,</strong></span> <span class='ocrx_word' id='word_1_29' title='bbox 2679 1406 2745 1460; x_wconf 86' lang='lat' dir='ltr'><strong>et</strong></span> <span class='ocrx_word' id='word_1_30' title='bbox 2793 1405 2942 1459; x_wconf 81' lang='lat' dir='ltr'><strong>aliis</strong></span> 
     </span>
     <span class='ocr_line' id='line_1_6' title="bbox 741 1491 2944 1562; baseline 0 -16"><span class='ocrx_word' id='word_1_31' title='bbox 741 1494 1047 1547; x_wconf 86' lang='lat' dir='ltr'><strong>bonorum</strong></span> <span class='ocrx_word' id='word_1_32' title='bbox 1116 1491 1551 1562; x_wconf 76' lang='lat' dir='ltr'><strong>temporalium</strong></span> <span class='ocrx_word' id='word_1_33' title='bbox 1621 1491 2091 1561; x_wconf 71' lang='lat' dir='ltr'><strong>possessionem</strong></span> <span class='ocrx_word' id='word_1_34' title='bbox 2160 1491 2628 1560; x_wconf 74' lang='lat' dir='ltr'><strong>optinentibus3</strong></span> <span class='ocrx_word' id='word_1_35' title='bbox 2700 1493 2944 1548; x_wconf 78' lang='lat' dir='ltr'><strong>ordinis</strong></span> 
     </span>
    </p>

    <p class='ocr_par' dir='ltr' id='par_1_4' title="bbox 606 1579 2942 1737">
     <span class='ocr_line' id='line_1_7' title="bbox 606 1579 2942 1650; baseline 0 -18"><span class='ocrx_word' id='word_1_36' title='bbox 606 1613 615 1620; x_wconf 89' lang='lat'>-</span> <span class='ocrx_word' id='word_1_37' title='bbox 742 1595 897 1635; x_wconf 83' lang='lat' dir='ltr'><strong>vero</strong></span> <span class='ocrx_word' id='word_1_38' title='bbox 966 1580 1214 1635; x_wconf 83' lang='lat' dir='ltr'><strong>illorum</strong></span> <span class='ocrx_word' id='word_1_39' title='bbox 1277 1580 1693 1636; x_wconf 70' lang='lat' dir='ltr'><strong>sanctitatem</strong></span> <span class='ocrx_word' id='word_1_40' title='bbox 1754 1579 2222 1644; x_wconf 70' lang='lat' dir='ltr'><strong>commendans,</strong></span> <span class='ocrx_word' id='word_1_41' title='bbox 2283 1579 2429 1634; x_wconf 74' lang='lat' dir='ltr'><strong>illos</strong></span> <span class='ocrx_word' id='word_1_42' title='bbox 2489 1581 2779 1650; x_wconf 78' lang='lat' dir='ltr'>precipue</span> <span class='ocrx_word' id='word_1_43' title='bbox 2839 1580 2942 1648; x_wconf 84' lang='lat' dir='ltr'><strong>qui</strong></span> 
     </span>
     <span class='ocr_line' id='line_1_8' title="bbox 645 1655 1954 1737; baseline 0.002 -17"><span class='ocrx_word' id='word_1_44' title='bbox 645 1655 651 1661; x_wconf 74' lang='grc'><strong><em>’</em></strong></span> <span class='ocrx_word' id='word_1_45' title='bbox 742 1667 1069 1722; x_wconf 79' lang='lat' dir='ltr'><strong>contraria</strong></span> <span class='ocrx_word' id='word_1_46' title='bbox 1102 1667 1347 1724; x_wconf 78' lang='lat' dir='ltr'><strong>faciunt</strong></span> <span class='ocrx_word' id='word_1_47' title='bbox 1381 1681 1577 1736; x_wconf 75' lang='lat' dir='ltr'><strong>opera</strong></span> <span class='ocrx_word' id='word_1_48' title='bbox 1609 1667 1954 1737; x_wconf 74' lang='lat' dir='ltr'><strong>redarguit.</strong></span> 
     </span>
    </p>
   </div>
   <div class='ocr_carea' id='block_1_4' title="bbox 595 2034 863 2111">
    <p class='ocr_par' dir='ltr' id='par_1_5' title="bbox 595 2034 863 2111">
     <span class='ocr_line' id='line_1_9' title="bbox 595 2034 863 2111; baseline 0 -17"><span class='ocrx_word' id='word_1_49' title='bbox 595 2037 790 2111; x_wconf 81' lang='lat' dir='ltr'><strong>Capm.</strong></span> <span class='ocrx_word' id='word_1_50' title='bbox 828 2034 863 2094; x_wconf 91' lang='lat' dir='ltr'><strong>i.</strong></span> 
     </span>
    </p>
   </div>
   <div class='ocr_carea' id='block_1_5' title="bbox 1426 1875 2248 1955">
    <p class='ocr_par' dir='ltr' id='par_1_6' title="bbox 1426 1875 2248 1955">
     <span class='ocr_line' id='line_1_10' title="bbox 1426 1875 2248 1955; baseline 0 -19"><span class='ocrx_word' id='word_1_51' title='bbox 1426 1875 1669 1951; x_wconf 80' lang='lat' dir='ltr'><strong>Incipit</strong></span> <span class='ocrx_word' id='word_1_52' title='bbox 1706 1876 1886 1936; x_wconf 86' lang='lat' dir='ltr'><strong>iiber</strong></span> <span class='ocrx_word' id='word_1_53' title='bbox 1925 1875 2248 1955; x_wconf 83' lang='lat' dir='ltr'><strong>Quartus.</strong></span> 
     </span>
    </p>
   </div>
   <div class='ocr_carea' id='block_1_6' title="bbox 911 2032 2619 4552">
    <p class='ocr_par' dir='ltr' id='par_1_7' title="bbox 1040 2032 2354 2108">
     <span class='ocr_line' id='line_1_11' title="bbox 1040 2032 2354 2108; baseline 0.001 -15"><span class='ocrx_word' id='word_1_54' title='bbox 1040 2043 1149 2093; x_wconf 89' lang='lat' dir='ltr'><strong>unt</strong></span> <span class='ocrx_word' id='word_1_55' title='bbox 1190 2043 1250 2094; x_wconf 90' lang='lat' dir='ltr'><strong>et</strong></span> <span class='ocrx_word' id='word_1_56' title='bbox 1291 2033 1649 2095; x_wconf 88' lang='lat' dir='ltr'><strong>Claustrales</strong></span> <span class='ocrx_word' id='word_1_57' title='bbox 1690 2032 1926 2095; x_wconf 87' lang='lat' dir='ltr'><strong>diuerse</strong></span> <span class='ocrx_word' id='word_1_58' title='bbox 1965 2033 2354 2108; x_wconf 85' lang='lat' dir='ltr'><strong>condicionis,</strong></span> 
     </span>
    </p>

    <p class='ocr_par' dir='ltr' id='par_1_8' title="bbox 911 2130 2570 2404">
     <span class='ocr_line' id='line_1_12' title="bbox 1084 2130 2475 2210; baseline 0.001 -19"><span class='ocrx_word' id='word_1_59' title='bbox 1084 2133 1179 2191; x_wconf 95' lang='lat' dir='ltr'><strong>De</strong></span> <span class='ocrx_word' id='word_1_60' title='bbox 1220 2130 1439 2209; x_wconf 92' lang='lat' dir='ltr'><strong>quibus</strong></span> <span class='ocrx_word' id='word_1_61' title='bbox 1479 2141 1542 2191; x_wconf 89' lang='lat' dir='ltr'><strong>vt</strong></span> <span class='ocrx_word' id='word_1_62' title='bbox 1583 2131 1752 2210; x_wconf 88' lang='lat' dir='ltr'><strong>sapio</strong></span> <span class='ocrx_word' id='word_1_63' title='bbox 1793 2131 2050 2192; x_wconf 90' lang='lat' dir='ltr'><strong>scribere</strong></span> <span class='ocrx_word' id='word_1_64' title='bbox 2091 2151 2282 2210; x_wconf 82' lang='lat' dir='ltr'><strong>pauca</strong></span> <span class='ocrx_word' id='word_1_65' title='bbox 2321 2135 2475 2192; x_wconf 77' lang='lat' dir='ltr'><strong>volo,</strong></span> 
     </span>
     <span class='ocr_line' id='line_1_13' title="bbox 911 2227 2570 2309; baseline 0.001 -20"><span class='ocrx_word' id='word_1_66' title='bbox 911 2233 1099 2289; x_wconf 90' lang='lat' dir='ltr'><strong>Actus</strong></span> <span class='ocrx_word' id='word_1_67' title='bbox 1140 2239 1202 2288; x_wconf 84' lang='lat' dir='ltr'><strong>vt</strong></span> <span class='ocrx_word' id='word_1_68' title='bbox 1244 2227 1371 2306; x_wconf 89' lang='lat' dir='ltr'><strong>ipse</strong></span> <span class='ocrx_word' id='word_1_69' title='bbox 1411 2229 1641 2308; x_wconf 90' lang='lat' dir='ltr'><strong>probat,</strong></span> <span class='ocrx_word' id='word_1_70' title='bbox 1686 2231 1983 2307; x_wconf 88' lang='lat' dir='ltr'><strong>quosdam</strong></span> <span class='ocrx_word' id='word_1_71' title='bbox 2024 2229 2322 2309; x_wconf 87' lang='lat' dir='ltr'><strong>possessio</strong></span> <span class='ocrx_word' id='word_1_72' title='bbox 2363 2231 2570 2309; x_wconf 85' lang='lat' dir='ltr'><strong>signat,</strong></span> 
     </span>
     <span class='ocr_line' id='line_1_14' title="bbox 912 2326 2252 2404; baseline 0.001 -18"><span class='ocrx_word' id='word_1_73' title='bbox 912 2327 1226 2403; x_wconf 88' lang='lat' dir='ltr'><strong>Quosdam</strong></span> <span class='ocrx_word' id='word_1_74' title='bbox 1268 2326 1595 2404; x_wconf 81' lang='lat' dir='ltr'><strong>pauperieS‚</strong></span> <span class='ocrx_word' id='word_1_75' title='bbox 1634 2339 1726 2387; x_wconf 92' lang='lat' dir='ltr'><strong>set</strong></span> <span class='ocrx_word' id='word_1_76' title='bbox 1766 2327 2020 2388; x_wconf 85' lang='lat' dir='ltr'><strong>similata</strong></span> <span class='ocrx_word' id='word_1_77' title='bbox 2059 2327 2252 2388; x_wconf 77' lang='lat' dir='ltr'><strong>nimis,</strong></span> 
     </span>
    </p>

    <p class='ocr_par' dir='ltr' id='par_1_9' title="bbox 912 2423 2616 3968">
     <span class='ocr_line' id='line_1_15' title="bbox 914 2423 2232 2504; baseline 0.001 -20"><span class='ocrx_word' id='word_1_78' title='bbox 914 2427 1022 2484; x_wconf 90' lang='lat' dir='ltr'><strong>Est</strong></span> <span class='ocrx_word' id='word_1_79' title='bbox 1063 2425 1225 2484; x_wconf 89' lang='lat' dir='ltr'><strong>bona</strong></span> <span class='ocrx_word' id='word_1_80' title='bbox 1265 2423 1469 2502; x_wconf 88' lang='lat' dir='ltr'><strong>religio</strong></span> <span class='ocrx_word' id='word_1_81' title='bbox 1508 2425 1589 2484; x_wconf 90' lang='lat' dir='ltr'><strong>de</strong></span> <span class='ocrx_word' id='word_1_82' title='bbox 1630 2445 1710 2498; x_wconf 88' lang='lat' dir='ltr'><strong>se,</strong></span> <span class='ocrx_word' id='word_1_83' title='bbox 1757 2435 1846 2484; x_wconf 90' lang='lat' dir='ltr'><strong>set</strong></span> <span class='ocrx_word' id='word_1_84' title='bbox 1887 2425 2232 2504; x_wconf 87' lang='lat' dir='ltr'><strong>religionem</strong></span> 
     </span>
     <span class='ocr_line' id='line_1_16' title="bbox 912 2519 2236 2598; baseline 0.001 -16"><span class='ocrx_word' id='word_1_85' title='bbox 912 2521 1037 2598; x_wconf 88' lang='lat' dir='ltr'><strong>Qui</strong></span> <span class='ocrx_word' id='word_1_86' title='bbox 1078 2522 1303 2594; x_wconf 85' lang='lat' dir='ltr'><strong>fallunt,</strong></span> <span class='ocrx_word' id='word_1_87' title='bbox 1348 2523 1495 2581; x_wconf 81' lang='lat' dir='ltr'><strong>tales</strong></span> <span class='ocrx_word' id='word_1_88' title='bbox 1536 2519 1794 2582; x_wconf 88' lang='lat' dir='ltr'><strong>dicimus</strong></span> <span class='ocrx_word' id='word_1_89' title='bbox 1835 2542 1966 2582; x_wconf 87' lang='lat' dir='ltr'><strong>esse</strong></span> <span class='ocrx_word' id='word_1_90' title='bbox 2007 2525 2236 2583; x_wconf 84' lang='lat' dir='ltr'><strong>malos:</strong></span> 
     </span>
     <span class='ocr_line' id='line_1_17' title="bbox 914 2617 2588 2695; baseline 0.003 -18"><span class='ocrx_word' id='word_1_91' title='bbox 914 2618 1036 2695; x_wconf 89' lang='lat' dir='ltr'><strong>Qui</strong></span> <span class='ocrx_word' id='word_1_92' title='bbox 1078 2618 1233 2679; x_wconf 91' lang='lat' dir='ltr'><strong>bene</strong></span> <span class='ocrx_word' id='word_1_93' title='bbox 1276 2620 1388 2679; x_wconf 93' lang='lat' dir='ltr'><strong>sub</strong></span> <span class='ocrx_word' id='word_1_94' title='bbox 1428 2621 1686 2679; x_wconf 84' lang='lat' dir='ltr'><strong>claustro</strong></span> <span class='ocrx_word' id='word_1_95' title='bbox 1727 2617 1938 2680; x_wconf 84' lang='lat' dir='ltr'><strong>viuunt</strong></span> <span class='ocrx_word' id='word_1_96' title='bbox 1975 2622 2102 2680; x_wconf 88' lang='lat' dir='ltr'><strong>fore</strong></span> <span class='ocrx_word' id='word_1_97' title='bbox 2143 2622 2324 2682; x_wconf 88' lang='lat' dir='ltr'><strong>credo</strong></span> <span class='ocrx_word' id='word_1_98' title='bbox 2367 2621 2588 2694; x_wconf 70' lang='lat' dir='ltr'><strong>beatos²</strong></span> 
     </span>
     <span class='ocr_line' id='line_1_18' title="bbox 913 2716 2388 2794; baseline 0.002 -18"><span class='ocrx_word' id='word_1_99' title='bbox 913 2719 1087 2794; x_wconf 91' lang='lat' dir='ltr'><strong>Quos</strong></span> <span class='ocrx_word' id='word_1_100' title='bbox 1130 2718 1471 2776; x_wconf 85' lang='lat' dir='ltr'><strong>mundanus</strong></span> <span class='ocrx_word' id='word_1_101' title='bbox 1511 2736 1679 2777; x_wconf 87' lang='lat' dir='ltr'><strong>amor</strong></span> <span class='ocrx_word' id='word_1_102' title='bbox 1722 2716 1912 2778; x_wconf 90' lang='lat' dir='ltr'><strong>nescit</strong></span> <span class='ocrx_word' id='word_1_103' title='bbox 1953 2719 2175 2778; x_wconf 89' lang='lat' dir='ltr'><strong>habere</strong></span> <span class='ocrx_word' id='word_1_104' title='bbox 2216 2738 2388 2793; x_wconf 85' lang='lat' dir='ltr'><strong>reos3</strong></span> 
     </span>
     <span class='ocr_line' id='line_1_19' title="bbox 912 2813 2507 2895; baseline 0.003 -23"><span class='ocrx_word' id='word_1_105' title='bbox 912 2813 1156 2892; x_wconf 89' lang='lat' dir='ltr'><strong>Quique</strong></span> <span class='ocrx_word' id='word_1_106' title='bbox 1197 2833 1410 2873; x_wconf 87' lang='lat' dir='ltr'><strong>manus</strong></span> <span class='ocrx_word' id='word_1_107' title='bbox 1452 2824 1645 2874; x_wconf 88' lang='lat' dir='ltr'><strong>aratro</strong></span> <span class='ocrx_word' id='word_1_108' title='bbox 1687 2814 1932 2875; x_wconf 87' lang='lat' dir='ltr'><strong>mittunt</strong></span> <span class='ocrx_word' id='word_1_109' title='bbox 1973 2835 2086 2876; x_wconf 91' lang='lat' dir='ltr'><strong>nec</strong></span> <span class='ocrx_word' id='word_1_110' title='bbox 2127 2814 2507 2895; x_wconf 87' lang='lat' dir='ltr'><strong>respicientes</strong></span> 
     </span>
     <span class='ocr_line' id='line_1_20' title="bbox 915 2911 2224 2984; baseline 0.001 -12"><span class='ocrx_word' id='word_1_111' title='bbox 915 2914 1117 2984; x_wconf 88' lang='lat' dir='ltr'><strong>Retr0,</strong></span> <span class='ocrx_word' id='word_1_112' title='bbox 1162 2911 1318 2972; x_wconf 84' lang='lat' dir='ltr'><strong>viros</strong></span> <span class='ocrx_word' id='word_1_113' title='bbox 1358 2923 1597 2972; x_wconf 86' lang='lat' dir='ltr'><strong>sanctos</strong></span> <span class='ocrx_word' id='word_1_114' title='bbox 1638 2914 1789 2973; x_wconf 92' lang='lat' dir='ltr'><strong>ordo</strong></span> <span class='ocrx_word' id='word_1_115' title='bbox 1829 2913 2063 2974; x_wconf 80' lang='lat' dir='ltr'><strong>notabit</strong></span> <span class='ocrx_word' id='word_1_116' title='bbox 2103 2934 2224 2974; x_wconf 81' lang='lat' dir='ltr'><strong>eos,</strong></span> 
     </span>
     <span class='ocr_line' id='line_1_21' title="bbox 917 3008 2524 3084; baseline 0.002 -15"><span class='ocrx_word' id='word_1_117' title='bbox 917 3012 1025 3069; x_wconf 89' lang='lat' dir='ltr'><strong>Est</strong></span> <span class='ocrx_word' id='word_1_118' title='bbox 1065 3011 1214 3070; x_wconf 88' lang='lat' dir='ltr'><strong>deus</strong></span> <span class='ocrx_word' id='word_1_119' title='bbox 1256 3008 1318 3068; x_wconf 91' lang='lat' dir='ltr'><strong>in</strong></span> <span class='ocrx_word' id='word_1_120' title='bbox 1360 3009 1688 3084; x_wconf 84' lang='lat' dir='ltr'><strong>monachis,</strong></span> <span class='ocrx_word' id='word_1_121' title='bbox 1733 3023 1872 3070; x_wconf 90' lang='lat' dir='ltr'><strong>sunt</strong></span> <span class='ocrx_word' id='word_1_122' title='bbox 1913 3021 1973 3071; x_wconf 88' lang='lat' dir='ltr'><strong>et</strong></span> <span class='ocrx_word' id='word_1_123' title='bbox 2013 3010 2373 3072; x_wconf 86' lang='lat' dir='ltr'><strong>commercia</strong></span> <span class='ocrx_word' id='word_1_124' title='bbox 2411 3011 2524 3072; x_wconf 91' lang='lat' dir='ltr'><strong>celi</strong></span> 
     </span>
     <span class='ocr_line' id='line_1_22' title="bbox 916 3106 2466 3185; baseline 0.003 -19"><span class='ocrx_word' id='word_1_125' title='bbox 916 3106 1073 3180; x_wconf 86' lang='lat' dir='ltr'><strong>Hiis,</strong></span> <span class='ocrx_word' id='word_1_126' title='bbox 1118 3106 1247 3168; x_wconf 88' lang='lat' dir='ltr'><strong>sine</strong></span> <span class='ocrx_word' id='word_1_127' title='bbox 1289 3107 1393 3185; x_wconf 89' lang='lat' dir='ltr'><strong>qui</strong></span> <span class='ocrx_word' id='word_1_128' title='bbox 1436 3109 1665 3170; x_wconf 88' lang='lat' dir='ltr'><strong>mundo</strong></span> <span class='ocrx_word' id='word_1_129' title='bbox 1706 3111 1962 3169; x_wconf 85' lang='lat' dir='ltr'><strong>claustra</strong></span> <span class='ocrx_word' id='word_1_130' title='bbox 2001 3108 2201 3169; x_wconf 90' lang='lat' dir='ltr'><strong>subire</strong></span> <span class='ocrx_word' id='word_1_131' title='bbox 2241 3111 2466 3170; x_wconf 86' lang='lat' dir='ltr'><strong>volunt.</strong></span> 
     </span>
     <span class='ocr_line' id='line_1_23' title="bbox 916 3205 2482 3284; baseline 0 -17"><span class='ocrx_word' id='word_1_132' title='bbox 916 3206 1076 3267; x_wconf 91' lang='lat' dir='ltr'><strong>Cum</strong></span> <span class='ocrx_word' id='word_1_133' title='bbox 1118 3205 1251 3284; x_wconf 91' lang='lat' dir='ltr'><strong>quis</strong></span> <span class='ocrx_word' id='word_1_134' title='bbox 1290 3225 1490 3267; x_wconf 80' lang='lat' dir='ltr'><strong>amare</strong></span> <span class='ocrx_word' id='word_1_135' title='bbox 1531 3207 1655 3267; x_wconf 93' lang='lat' dir='ltr'><strong>duo</strong></span> <span class='ocrx_word' id='word_1_136' title='bbox 1696 3205 1913 3284; x_wconf 85' lang='lat' dir='ltr'><strong>pariter</strong></span> <span class='ocrx_word' id='word_1_137' title='bbox 1952 3207 2246 3267; x_wconf 87' lang='lat' dir='ltr'><strong>contraria</strong></span> <span class='ocrx_word' id='word_1_138' title='bbox 2285 3207 2482 3280; x_wconf 89' lang='lat' dir='ltr'><strong>sumit,</strong></span> 
     </span>
     <span class='ocr_line' id='line_1_24' title="bbox 917 3301 2139 3365; baseline 0.002 -4"><span class='ocrx_word' id='word_1_139' title='bbox 917 3302 1175 3362; x_wconf 90' lang='lat' dir='ltr'><strong>Alterius</strong></span> <span class='ocrx_word' id='word_1_140' title='bbox 1216 3301 1368 3364; x_wconf 88' lang='lat' dir='ltr'><strong>vires</strong></span> <span class='ocrx_word' id='word_1_141' title='bbox 1411 3304 1702 3364; x_wconf 88' lang='lat' dir='ltr'><strong>subtrahit</strong></span> <span class='ocrx_word' id='word_1_142' title='bbox 1743 3306 1893 3365; x_wconf 88' lang='lat' dir='ltr'><strong>alter</strong></span> <span class='ocrx_word' id='word_1_143' title='bbox 1929 3323 2139 3364; x_wconf 85' lang='lat' dir='ltr'><strong>amor:</strong></span> 
     </span>
     <span class='ocr_line' id='line_1_25' title="bbox 920 3399 2447 3479; baseline 0.002 -20"><span class='ocrx_word' id='word_1_144' title='bbox 920 3399 1017 3460; x_wconf 90' lang='lat' dir='ltr'><strong>Sic</strong></span> <span class='ocrx_word' id='word_1_145' title='bbox 1058 3399 1161 3478; x_wconf 92' lang='lat' dir='ltr'><strong>qui</strong></span> <span class='ocrx_word' id='word_1_146' title='bbox 1203 3413 1553 3479; x_wconf 89' lang='lat' dir='ltr'><strong>presumunt</strong></span> <span class='ocrx_word' id='word_1_147' title='bbox 1594 3403 1775 3463; x_wconf 87' lang='lat' dir='ltr'><strong>facies</strong></span> <span class='ocrx_word' id='word_1_148' title='bbox 1818 3403 2042 3463; x_wconf 73' lang='lat' dir='ltr'><strong>larum-e</strong></span> <span class='ocrx_word' id='word_1_149' title='bbox 2084 3401 2197 3462; x_wconf 94' lang='lat' dir='ltr'><strong>sub</strong></span> <span class='ocrx_word' id='word_1_150' title='bbox 2237 3403 2447 3462; x_wconf 86' lang='lat' dir='ltr'><strong>vmbra</strong></span> 
     </span>
     <span class='ocr_line' id='line_1_26' title="bbox 922 3497 2322 3577; baseline 0.001 -20"><span class='ocrx_word' id='word_1_151' title='bbox 922 3497 1183 3572; x_wconf 89' lang='lat' dir='ltr'><strong>Ordinis,</strong></span> <span class='ocrx_word' id='word_1_152' title='bbox 1226 3511 1287 3558; x_wconf 89' lang='lat' dir='ltr'><strong>et</strong></span> <span class='ocrx_word' id='word_1_153' title='bbox 1330 3499 1541 3560; x_wconf 88' lang='lat' dir='ltr'><strong>mundi</strong></span> <span class='ocrx_word' id='word_1_154' title='bbox 1581 3498 1831 3559; x_wconf 88' lang='lat' dir='ltr'><strong>crimina</strong></span> <span class='ocrx_word' id='word_1_155' title='bbox 1871 3500 2082 3560; x_wconf 90' lang='lat' dir='ltr'><strong>subtus</strong></span> <span class='ocrx_word' id='word_1_156' title='bbox 2122 3510 2322 3577; x_wconf 83' lang='lat' dir='ltr'><strong>agunt,</strong></span> 
     </span>
     <span class='ocr_line' id='line_1_27' title="bbox 918 3595 2596 3677; baseline 0.002 -23"><span class='ocrx_word' id='word_1_157' title='bbox 918 3595 1168 3656; x_wconf 89' lang='lat' dir='ltr'><strong>Talibus</strong></span> <span class='ocrx_word' id='word_1_158' title='bbox 1208 3595 1337 3675; x_wconf 90' lang='lat' dir='ltr'><strong>ipse</strong></span> <span class='ocrx_word' id='word_1_159' title='bbox 1378 3617 1513 3657; x_wconf 89' lang='lat' dir='ltr'><strong>mea</strong></span> <span class='ocrx_word' id='word_1_160' title='bbox 1553 3598 1677 3658; x_wconf 89' lang='lat' dir='ltr'><strong>fero</strong></span> <span class='ocrx_word' id='word_1_161' title='bbox 1720 3596 1952 3677; x_wconf 69' lang='lat' dir='ltr'><strong>scripta,</strong></span> <span class='ocrx_word' id='word_1_162' title='bbox 1995 3617 2108 3658; x_wconf 88' lang='lat' dir='ltr'><strong>nec</strong></span> <span class='ocrx_word' id='word_1_163' title='bbox 2148 3599 2295 3657; x_wconf 86' lang='lat' dir='ltr'><strong>alter</strong></span> <span class='ocrx_word' id='word_1_164' title='bbox 2333 3598 2413 3657; x_wconf 89' lang='lat' dir='ltr'><strong>ab</strong></span> <span class='ocrx_word' id='word_1_165' title='bbox 2453 3597 2596 3677; x_wconf 89' lang='lat' dir='ltr'><strong>ipsis</strong></span> 
     </span>
     <span class='ocr_line' id='line_1_28' title="bbox 921 3692 2441 3773; baseline 0 -19"><span class='ocrx_word' id='word_1_166' title='bbox 921 3692 1185 3767; x_wconf 88' lang='lat' dir='ltr'><strong>Leditur,</strong></span> <span class='ocrx_word' id='word_1_167' title='bbox 1230 3693 1417 3754; x_wconf 89' lang='lat' dir='ltr'><strong>immo</strong></span> <span class='ocrx_word' id='word_1_168' title='bbox 1458 3714 1633 3754; x_wconf 89' lang='lat' dir='ltr'><strong>suum</strong></span> <span class='ocrx_word' id='word_1_169' title='bbox 1676 3694 1932 3773; x_wconf 89' lang='lat' dir='ltr'><strong>quisque</strong></span> <span class='ocrx_word' id='word_1_170' title='bbox 1972 3705 2231 3773; x_wconf 88' lang='lat' dir='ltr'><strong>reportet</strong></span> <span class='ocrx_word' id='word_1_171' title='bbox 2273 3714 2441 3755; x_wconf 79' lang='lat' dir='ltr'><strong>onuS.</strong></span> 
     </span>
     <span class='ocr_line' id='line_1_29' title="bbox 922 3789 2616 3871; baseline 0.002 -21"><span class='ocrx_word' id='word_1_172' title='bbox 922 3793 1031 3850; x_wconf 88' lang='lat' dir='ltr'><strong>Est</strong></span> <span class='ocrx_word' id='word_1_173' title='bbox 1072 3789 1254 3851; x_wconf 89' lang='lat' dir='ltr'><strong>nichil</strong></span> <span class='ocrx_word' id='word_1_174' title='bbox 1296 3811 1370 3852; x_wconf 84' lang='lat' dir='ltr'><strong>ex</strong></span> <span class='ocrx_word' id='word_1_175' title='bbox 1411 3811 1589 3852; x_wconf 90' lang='lat' dir='ltr'><strong>sensu</strong></span> <span class='ocrx_word' id='word_1_176' title='bbox 1630 3792 1871 3871; x_wconf 87' lang='lat' dir='ltr'><strong>proprio</strong></span> <span class='ocrx_word' id='word_1_177' title='bbox 1912 3794 2078 3870; x_wconf 90' lang='lat' dir='ltr'><strong>quod</strong></span> <span class='ocrx_word' id='word_1_178' title='bbox 2121 3791 2335 3866; x_wconf 92' lang='lat' dir='ltr'><strong>scrib0,</strong></span> <span class='ocrx_word' id='word_1_179' title='bbox 2381 3803 2470 3853; x_wconf 90' lang='lat' dir='ltr'><strong>set</strong></span> <span class='ocrx_word' id='word_1_180' title='bbox 2511 3813 2616 3853; x_wconf 87' lang='lat' dir='ltr'><strong>ora</strong></span> 
     </span>
     <span class='ocr_line' id='line_1_30' title="bbox 920 3887 2404 3968; baseline 0.002 -21"><span class='ocrx_word' id='word_1_181' title='bbox 920 3891 1059 3964; x_wconf 86' lang='lat' dir='ltr'><strong>Que</strong></span> <span class='ocrx_word' id='word_1_182' title='bbox 1102 3887 1284 3949; x_wconf 89' lang='lat' dir='ltr'><strong>michi</strong></span> <span class='ocrx_word' id='word_1_183' title='bbox 1324 3909 1438 3950; x_wconf 87' lang='lat' dir='ltr'><strong>vox</strong></span> <span class='ocrx_word' id='word_1_184' title='bbox 1478 3889 1686 3968; x_wconf 89' lang='lat' dir='ltr'><strong>populi</strong></span> <span class='ocrx_word' id='word_1_185' title='bbox 1727 3890 1996 3964; x_wconf 89' lang='lat' dir='ltr'><strong>contulit,</strong></span> <span class='ocrx_word' id='word_1_186' title='bbox 2040 3889 2140 3950; x_wconf 87' lang='lat' dir='ltr'><strong>illa</strong></span> <span class='ocrx_word' id='word_1_187' title='bbox 2181 3893 2404 3968; x_wconf 84' lang='lat' dir='ltr'><strong>loquar.</strong></span> 
     </span>
    </p>

    <p class='ocr_par' dir='ltr' id='par_1_10' title="bbox 923 3986 2619 4459">
     <span class='ocr_line' id='line_1_31' title="bbox 1002 3986 2614 4067; baseline 0 -21"><span class='ocrx_word' id='word_1_188' title='bbox 1002 3987 1154 4046; x_wconf 89' lang='lat' dir='ltr'><strong>Sunt</strong></span> <span class='ocrx_word' id='word_1_189' title='bbox 1195 3987 1417 4047; x_wconf 90' lang='lat' dir='ltr'><strong>etenim</strong></span> <span class='ocrx_word' id='word_1_190' title='bbox 1460 3987 1758 4062; x_wconf 85' lang='lat' dir='ltr'><strong>monachi,</strong></span> <span class='ocrx_word' id='word_1_191' title='bbox 1803 3986 2103 4067; x_wconf 89' lang='lat' dir='ltr'><strong>possessio</strong></span> <span class='ocrx_word' id='word_1_192' title='bbox 2144 4007 2298 4066; x_wconf 90' lang='lat' dir='ltr'><strong>quos</strong></span> <span class='ocrx_word' id='word_1_193' title='bbox 2339 3986 2614 4061; x_wconf 86' lang='lat' dir='ltr'><strong>titulauit,</strong></span> 
     </span>
     <span class='ocr_line' id='line_1_32' title="bbox 923 4082 2344 4162; baseline 0.001 -20"><span class='ocrx_word' id='word_1_194' title='bbox 923 4082 1205 4158; x_wconf 88' lang='lat' dir='ltr'><strong>Quidam,</strong></span> <span class='ocrx_word' id='word_1_195' title='bbox 1250 4104 1403 4162; x_wconf 88' lang='lat' dir='ltr'><strong>quos</strong></span> <span class='ocrx_word' id='word_1_196' title='bbox 1444 4085 1620 4146; x_wconf 90' lang='lat' dir='ltr'><strong>nullis</strong></span> <span class='ocrx_word' id='word_1_197' title='bbox 1664 4085 1929 4145; x_wconf 89' lang='lat' dir='ltr'><strong>moribus</strong></span> <span class='ocrx_word' id='word_1_198' title='bbox 1972 4087 2121 4146; x_wconf 91' lang='lat' dir='ltr'><strong>ordo</strong></span> <span class='ocrx_word' id='word_1_199' title='bbox 2161 4085 2302 4162; x_wconf 88' lang='lat' dir='ltr'><strong>ligat</strong></span> <span class='ocrx_word' id='word_1_200' title='bbox 2327 4108 2344 4160; x_wconf 83' lang='lat'>3</span> 
     </span>
     <span class='ocr_line' id='line_1_33' title="bbox 923 4181 2317 4263; baseline 0.002 -24"><span class='ocrx_word' id='word_1_201' title='bbox 923 4181 1084 4240; x_wconf 86' lang='lat' dir='ltr'><strong>Nam</strong></span> <span class='ocrx_word' id='word_1_202' title='bbox 1127 4201 1496 4260; x_wconf 89' lang='lat' dir='ltr'><strong>possessores</strong></span> <span class='ocrx_word' id='word_1_203' title='bbox 1536 4184 1720 4263; x_wconf 91' lang='lat' dir='ltr'><strong>aliqui</strong></span> <span class='ocrx_word' id='word_1_204' title='bbox 1761 4183 1848 4244; x_wconf 90' lang='lat' dir='ltr'><strong>sic</strong></span> <span class='ocrx_word' id='word_1_205' title='bbox 1888 4183 2022 4244; x_wconf 92' lang='lat' dir='ltr'><strong>ocia</strong></span> <span class='ocrx_word' id='word_1_206' title='bbox 2061 4193 2317 4262; x_wconf 89' lang='lat' dir='ltr'><strong>querunt</strong></span> 
     </span>
     <span class='ocr_line' id='line_1_34' title="bbox 924 4277 2249 4360; baseline -0.002 -21"><span class='ocrx_word' id='word_1_207' title='bbox 924 4277 1185 4352; x_wconf 85' lang='lat' dir='ltr'><strong>Ordinis,</strong></span> <span class='ocrx_word' id='word_1_208' title='bbox 1228 4290 1291 4339; x_wconf 84' lang='lat' dir='ltr'><strong>vt</strong></span> <span class='ocrx_word' id='word_1_209' title='bbox 1333 4292 1640 4359; x_wconf 89' lang='lat' dir='ltr'><strong>nequeunt</strong></span> <span class='ocrx_word' id='word_1_210' title='bbox 1678 4284 1798 4342; x_wconf 86' lang='lat' dir='ltr'><strong>vlla</strong></span> <span class='ocrx_word' id='word_1_211' title='bbox 1837 4281 2053 4342; x_wconf 89' lang='lat' dir='ltr'><strong>nociua</strong></span> <span class='ocrx_word' id='word_1_212' title='bbox 2095 4280 2249 4360; x_wconf 84' lang='lat' dir='ltr'><strong>pati:</strong></span> 
     </span>
     <span class='ocr_line' id='line_1_35' title="bbox 926 4377 2619 4459; baseline 0.001 -21"><span class='ocrx_word' id='word_1_213' title='bbox 926 4377 1100 4438; x_wconf 89' lang='lat' dir='ltr'><strong>Ferre</strong></span> <span class='ocrx_word' id='word_1_214' title='bbox 1140 4377 1359 4438; x_wconf 86' lang='lat' dir='ltr'><strong>famem</strong></span> <span class='ocrx_word' id='word_1_215' title='bbox 1402 4379 1651 4457; x_wconf 88' lang='lat' dir='ltr'><strong>fugiunt,</strong></span> <span class='ocrx_word' id='word_1_216' title='bbox 1696 4380 1957 4458; x_wconf 88' lang='lat' dir='ltr'><strong>vinoque</strong></span> <span class='ocrx_word' id='word_1_217' title='bbox 1998 4379 2156 4440; x_wconf 91' lang='lat' dir='ltr'><strong>sitim</strong></span> <span class='ocrx_word' id='word_1_218' title='bbox 2197 4380 2619 4459; x_wconf 87' lang='lat' dir='ltr'><strong>supervndant,</strong></span> 
     </span>
    </p>

    <p class='ocr_par' dir='ltr' id='par_1_11' title="bbox 1628 4492 2102 4552">
     <span class='ocr_line' id='line_1_36' title="bbox 1628 4492 2102 4552; baseline 0.002 -11"><span class='ocrx_word' id='word_1_219' title='bbox 1628 4507 1687 4552; x_wconf 81' lang='lat'><strong>14</strong></span> <span class='ocrx_word' id='word_1_220' title='bbox 1722 4493 1989 4543; x_wconf 80' lang='lat' dir='ltr'><strong>subtrahet</strong></span> <span class='ocrx_word' id='word_1_221' title='bbox 2011 4492 2102 4542; x_wconf 73' lang='grc' dir='ltr'><strong>(ΞΕ</strong></span> 
     </span>
    </p>
   </div>
   <div class='ocr_carea' id='block_1_7' title="bbox 2897 2936 2956 2972">
    <p class='ocr_par' dir='ltr' id='par_1_12' title="bbox 2897 2936 2956 2972">
     <span class='ocr_line' id='line_1_37' title="bbox 2897 2936 2956 2972; baseline -0.034 0"><span class='ocrx_word' id='word_1_222' title='bbox 2897 2936 2956 2972; x_wconf 87' lang='lat'><strong>10</strong></span> 
     </span>
    </p>
   </div>
   <div class='ocr_carea' id='block_1_8' title="bbox 2899 3911 2964 3947">
    <p class='ocr_par' dir='ltr' id='par_1_13' title="bbox 2899 3911 2964 3947">
     <span class='ocr_line' id='line_1_38' title="bbox 2899 3911 2964 3947; baseline -0.015 0"><span class='ocrx_word' id='word_1_223' title='bbox 2899 3911 2964 3947; x_wconf 84' lang='lat'><strong>20</strong></span> 
     </span>
    </p>
   </div>
   <div class='ocr_carea' id='block_1_9' title="bbox 3400 4565 3412 5071">
    <p class='ocr_par' dir='ltr' id='par_1_14' title="bbox 3400 4565 3412 5071">
     <span class='ocr_line' id='line_1_39' title="bbox 3400 4565 3412 5071; baseline 0 0"><span class='ocrx_word' id='word_1_224' title='bbox 3400 4565 3412 5071; x_wconf 95' lang='lat' dir='ltr'><strong> </strong></span> 
     </span>
    </p>
   </div>
  </div>
 </body>
</html>
