3434 5142
1178 486 1463 553 LmER
1520 486 1886 553 PRIMUS
2556 510 2640 572 59

596 650 760 722 Heu,
805 647 974 725 quod
1014 648 1077 707 in
1119 648 1237 709 hoc
1278 648 1424 709 fient
1465 657 1736 725 ternpore
1776 658 1941 709 tanta
1980 649 2178 709 malai

596 746 824 807 Leticie
862 745 1045 807 facies
1086 755 1232 806 tunc
1272 746 1435 806 nulla
1474 746 1709 807 videtur
1749 748 1812 807 in
1853 747 2014 821 vrbe,

596 844 976 921 Compatitur
1014 844 1213 905 vultus
1253 844 1451 906 cordis
1488 862 1689 904 amara
1731 844 1859 907 sui:
2509 868 2639 919 1330

597 942 781 1003 Nulla
822 941 991 1020 quies
1033 942 1253 1003 mentis
1293 943 1418 1003 lese
1458 942 1814 1021 nullumque
1853 944 2136 1005 iuuamen

597 1041 824 1115 Extitit,
867 1050 929 1101 vt
971 1058 1185 1101 sanum
1226 1048 1465 1118 tempus
1505 1041 1729 1103 habere
1769 1053 1966 1119 queat.

676 1140 776 1201 Sic
815 1156 985 1199 amor
1024 1156 1167 1201 ecce
1208 1149 1379 1199 vetus
1418 1140 1600 1200 Troie
1640 1148 1905 1200 mutatur
1944 1140 2006 1199 in
2049 1140 2214 1215 iram,

597 1238 829 1300 Cantus
868 1247 929 1299 et
970 1254 1043 1299 ex
1083 1238 1329 1315 planctu
1367 1238 1559 1297 victus
1599 1237 1822 1316 vbique
1861 1238 2030 1299 silet:

600 1336 675 1395 In
717 1334 989 1395 lacrimas
1028 1335 1197 1409 risuS,
1241 1335 1305 1394 in
1346 1334 1612 1397 dedecus
1652 1347 1744 1396 est
1785 1336 1982 1396 honor
2020 1336 2218 1396 omnis

596 1434 840 1506 Versu5‚
882 1442 945 1493 et
986 1432 1047 1491 in
1090 1432 1378 1493 nichilum
1421 1434 1589 1511 quod
1627 1434 1742 1494 suit
1781 1444 1924 1494 ante
1963 1434 2122 1493 satis.

596 1530 721 1592 Ora
760 1531 951 1607 rigant
990 1530 1184 1605 fletus,
1224 1532 1425 1591 tremit
1464 1541 1527 1592 et
1566 1531 1886 1591 formidine
1925 1540 2156 1609 pectus,

599 1628 837 1690 Gaudia
875 1646 995 1706 que
1036 1628 1269 1689 fuerant
1306 1629 1557 1690 deuorat
1596 1630 1727 1707 ipsa
1767 1628 1975 1692 dolorz

596 1726 913 1804 Aspiceres
952 1726 1101 1787 alios
1144 1726 1354 1787 flentes
1394 1737 1667 1805 terraque
1708 1727 1986 1799 iacentes,

597 1825 769 1901 Quos
810 1824 983 1885 dolor
1020 1825 1261 1887 alterius
1301 1826 1575 1903 proprius
1613 1836 1798 1903 atque
1837 1825 2018 1898 dolet,
2511 1849 2640 1899 ¹340

599 1922 680 1982 Et
719 1941 828 1983 sua
869 1923 1227 1984 multociens
1267 1923 1347 1985 ad
1388 1924 1586 1984 celum
1628 1922 1874 1983 brachia
1915 1922 2190 1996 tendunt,

598 2022 661 2082 Si
703 2021 891 2099 magis
934 2039 1009 2081 ex
1048 2022 1277 2099 superis
1316 2022 1393 2085 sit
1435 2022 1738 2083 medicina
1777 2021 1966 2081 malis.

599 2119 722 2195 Qui
762 2118 959 2179 bonus
1000 2119 1271 2181 extiterat
1312 2122 1499 2198 magis
1538 2131 1630 2180 est
1674 2118 1941 2179 bonitate
1982 2136 2296 2193 remorsus,

598 2217 881 2278 Planctus
922 2226 1046 2277 erat
1086 2216 1357 2289 celebris,
1400 2236 1597 2279 meror
1636 2218 1860 2295 vbique
1900 2236 2110 2277 nouus,

600 2316 619 2347 ‘
635 2314 859 2375 Omnia
898 2315 1305 2393 perdidimus,'
1346 2316 1571 2389 dicunt,
1616 2317 1759 2394 quia
1799 2316 1998 2376 nullus
2041 2316 2102 2375 in
2143 2315 2305 2391 vrbe,

599 2414 799 2490 Quem
842 2424 1030 2475 status
1070 2422 1359 2493 expectat,
1405 2416 1693 2493 quicquid
1734 2416 1980 2476 honoris
2021 2415 2219 2477 habet.

599 2512 723 2589 Qui
764 2512 845 2574 de
884 2514 1015 2590 lege
1056 2514 1244 2591 magis
1286 2513 1579 2574 florebant
1620 2524 1766 2573 tunc
1808 2513 2123 2591 sapienteS,

602 2611 907 2687 Impositis
947 2611 1159 2688 gladiis
1198 2611 1353 2671 colla
1392 2620 1668 2672 secantur
1708 2612 1832 2673 eis:

601 2708 774 2784 Quos
814 2710 1002 2786 magis
1043 2717 1105 2770 et
1140 2700 1294 2769 sarie
1332 2696 1689 2786 reputabant
1727 2726 1862 2769 esse
1903 2709 2140 2787 peritos,

598 2807 963 2868 Vulneribus
1002 2807 1246 2885 paribus
1286 2824 1537 2884 corpora
1576 2824 1713 2867 cesa
1754 2817 1950 2868 ruunt.
2345 2885 2350 2893 ι
2512 2828 2643 2880 1³50

600 2904 855 2965 Garrula
894 2905 1070 2983 culpa
1112 2905 1286 2979 volat,
1332 2904 1695 2983 timidasque
1735 2905 2069 2983 perhorruit
2106 2922 2294 2978 aureS,

604 3002 737 3063 Nec
777 3002 952 3062 sciuit
992 3002 1230 3079 sapiens
1272 3002 1417 3079 quid
1460 3002 1575 3062 sibi
1616 3002 1744 3062 iura
1785 3002 2022 3065 valent:

601 3100 827 3161 Floruit
867 3117 1051 3160 omne
1094 3101 1305 3174 scelus,
1348 3098 1587 3160 bonitas
1626 3100 1795 3177 perit,
1839 3116 2098 3176 egraque
2138 3100 2266 3160 iura

604 3198 968 3271 Deveniunt,
1012 3214 1131 3276 que
1170 3216 1383 3277 regens
1424 3216 1548 3259 non
1591 3198 1776 3259 habet
1818 3198 1978 3259 vnde
2019 3207 2198 3274 regat.

600 3296 742 3356 Hec
782 3304 844 3357 et
883 3296 1053 3373 plura
1094 3297 1258 3356 ferox
1300 3295 1511 3371 rabieS,
1556 3314 1676 3375 que
1716 3296 1918 3357 nullus
1959 3294 2038 3355 ab
2077 3304 2220 3355 ante

598 3393 864 3467 Viderat,
910 3394 1151 3454 insolita
1190 3394 1331 3455 fecit
1373 3395 1435 3453 in
1478 3393 1623 3455 vrbe
1662 3394 1857 3462 mala:

597 3489 795 3552 Vrbes
833 3510 959 3553 non
1000 3502 1233 3553 tantum
1272 3492 1641 3570 generaliter,
1685 3493 1876 3552 immo
1915 3508 2022 3569 per
2061 3508 2310 3552 omnem

600 3590 726 3651 Iste
766 3590 929 3651 furor
966 3591 1219 3667 patriam
1260 3587 1667 3668 subpeditauit
1708 3592 1983 3653 humum.

500 3785 624 3840 Hic
673 3786 922 3855 plangit
972 3786 1313 3842 secundum
1358 3786 1674 3843 visionem
1721 3786 1997 3853 sompnii
2043 3784 2230 3854 quasi
2269 3784 2338 3838 in
2385 3784 2643 3853 propria

427 3888 710 3943 persona
746 3874 997 3930 dolores
1030 3874 1299 3938 illorum,
1333 3874 1443 3944 qui
1479 3874 1549 3929 in
1584 3874 1768 3930 siluis
1807 3878 1875 3930 et
1909 3873 2230 3943 speluncis
2263 3886 2376 3941 pre
2415 3872 2642 3928 timore

426 3962 735 4031 tempori·
769 3962 939 4018 illius
972 3962 1291 4019 latitando
1327 3976 1400 4018 se
1435 3964 1813 4019 munierunt.

206 4072 423 4165 Capmss
440 4085 555 4146 xvi.
682 4085 823 4144 Hec
864 4085 947 4145 ita
985 4102 1125 4145 cum
1166 4084 1307 4158 vidi,
1350 4102 1450 4145 me
1490 4083 1717 4144 luridus
1760 4092 2016 4160 occupat
2055 4083 2278 4157 horror,

601 4182 682 4242 Et
724 4182 893 4260 quasi
936 4181 1240 4243 mortifera
1281 4189 1395 4241 stat
1438 4180 1622 4240 michi
1662 4181 1785 4240 vita
1825 4198 1962 4241 mea
1979 4200 1998 4255 3
2511 4187 2640 4252 1360

598 4279 847 4356 Semper
885 4278 947 4339 in
989 4280 1235 4340 interius
1276 4278 1587 4356 precordia
1626 4278 1834 4339 mortis
1873 4296 2089 4356 ymago

600 4377 840 4455 Pungit‚
881 4388 941 4439 et
982 4388 1047 4439 vt
1086 4377 1321 4457 gladius
1359 4377 1585 4439 viscera
1625 4386 1752 4438 tota
1793 4387 2018 4439 mouet.

1316 4491 1440 4555 1361
1477 4490 1697 4541 internis
1721 4490 1771 4541 D
