3434 5142
912 449 1383 515 CAPITULA
1436 450 1699 516 LIBRI
1761 451 2104 530 QUINTI
2629 476 2706 538 13

286 612 490 690 Capm.
522 630 574 671 x.
622 610 747 669 Hic
800 608 1065 687 loquitur
1117 608 1357 670 vlterius
1405 608 1485 671 de
1532 609 1784 672 diuersis
1839 612 1998 690 vulgi
2052 611 2374 687 laborariis,
2432 616 2537 691 qui
2591 614 2706 675 sub

616 707 871 768 aliorum
898 706 1187 783 regimine
1220 707 1526 780 conducti,
1562 708 1740 769 variis
1776 709 2006 771 debent
2041 728 2150 787 pro
2189 710 2356 772 bono
2393 713 2702 772 communi

618 804 901 883 operibus
928 802 1249 882 subiugari.

284 954 491 1031 Capu.
524 953 599 1012 xi.
644 953 807 1029 Quia
832 952 1021 1013 varias
1050 970 1247 1012 rerum
1274 954 1663 1030 proprietates
1692 954 1822 1013 vsui
1854 954 2122 1015 humano
2152 956 2514 1017 necessarias
2543 957 2704 1017 nulla

620 1051 699 1112 de
725 1068 791 1111 se
818 1050 1125 1127 prouincia
1153 1050 1281 1110 sola
1308 1050 1551 1127 parturit
1581 1052 1906 1127 vniuersas,
1937 1052 2089 1113 inter
2113 1052 2264 1113 alios
2287 1053 2500 1114 mundi
2527 1054 2705 1115 coad-

620 1149 843 1208 iutores
880 1148 1123 1209 Ciuium
1167 1148 1532 1209 Mercatores
1570 1150 1972 1225 instituuntur,
2006 1170 2111 1228 per
2147 1170 2300 1229 quos
2339 1152 2702 1230 singularum

622 1245 782 1306 bona
824 1246 1130 1323 regionum
1178 1244 1514 1306 alternatim
1562 1248 2099 1322 communicantur,
2151 1251 2230 1310 de
2278 1268 2534 1326 quorum
2584 1250 2702 1310 iam

620 1340 854 1403 actibus
881 1342 1139 1403 scribere
1174 1352 1613 1420 consequenter
1654 1344 1926 1435 intendit.
2015 1346 2095 1405 Et
2123 1346 2316 1423 primo
2356 1347 2501 1407 dicit
2539 1347 2707 1424 quod

622 1441 685 1500 in
748 1451 960 1500 mutuo
1023 1440 1366 1500 concinium
1420 1460 1625 1502 amore
1678 1442 1898 1519 policia
1964 1444 2152 1520 magis
2214 1443 2456 1521 gaudet,
2523 1461 2704 1522 quam

621 1538 893 1597 omnium
915 1536 1205 1597 malorum
1226 1538 1391 1599 radix
1410 1538 1669 1599 auaricia
1688 1540 1768 1599 ad
1788 1557 2050 1616 presenS,
2072 1540 2390 1615 prodolori
2419 1541 2706 1619 extirpare

560 1644 571 1655 '
622 1633 998 1712 presumpsit.

292 1736 496 1811 Capm.
530 1734 623 1792 xii.
672 1734 797 1792 Hic
838 1733 1103 1810 loquitur
1149 1733 1228 1794 de
1272 1730 1507 1794 duabus
1555 1734 1814 1795 auaricie
1862 1732 2114 1808 filiabus,
2159 1735 2385 1796 scilicet
2425 1753 2601 1796 vsura
2648 1747 2708 1797 et

625 1830 849 1903 fraude,
878 1848 999 1906 que
1026 1831 1087 1888 in
1116 1830 1358 1891 ciuitate
1386 1830 1645 1891 orientes
1673 1832 1757 1891 ad
1783 1830 2007 1890 ciuium
2037 1832 2494 1909 negociaciones
2525 1852 2710 1894 secre-

624 1936 754 1987 tum
809 1937 1076 2003 prestant
1129 1926 1502 2005 obsequium.
1590 1929 1694 1988 Set
1749 1930 1942 2005 primo
1997 1928 2159 1989 dicet
2211 1928 2291 1989 de
2345 1926 2742 1992 condicione‘
2791 1934 2798 1943 ’

623 2044 813 2097 vsure,
846 2043 965 2102 que
993 2024 1151 2085 vrbis
1178 2023 1625 2103 potencioribus
1653 2044 1763 2085 sua
1791 2026 1916 2085 iura
1945 2026 2258 2103 specialius
2289 2026 2593 2088 ministrat.

296 2124 499 2202 Capu.
532 2122 649 2183 xiii.
695 2124 1023 2199 Postquam
1049 2121 1196 2183 dixit
1225 2124 1304 2184 de
1331 2124 1612 2201 potencia
1645 2140 1837 2196 vsure,
1869 2122 1989 2182 iam
2017 2122 2096 2182 de
2123 2122 2344 2183 fraudis
2383 2122 2711 2186 subtilitate

626 2220 827 2282 dicere
867 2220 1141 2295 intendit,
1186 2240 1305 2299 que
1345 2220 1425 2282 de
1465 2220 1776 2282 communi
1818 2220 2068 2280 consilio
2110 2221 2278 2299 quasi
2319 2222 2604 2283 omnibus
2645 2233 2706 2283 et

628 2317 873 2395 singulis
902 2318 963 2377 in
992 2318 1253 2379 emendo
1280 2328 1341 2379 et
1378 2318 1701 2380 vendendo
1730 2336 1802 2379 ea
1837 2336 1957 2395 que
1983 2327 2124 2378 sunt
2159 2320 2394 2396 agenda
2432 2330 2708 2397 procurat

632 2427 689 2475 et
718 2416 1009 2476 subtiliter
1037 2414 1317 2492 disponit.

298 2516 501 2593 Capm.
534 2512 672 2574 xiiii.
719 2514 845 2573 Hic
870 2512 1133 2589 loquitur
1159 2514 1401 2576 vlterius
1428 2511 1740 2592 quomodo
1767 2513 1924 2573 fraus
1946 2513 2176 2591 singula
2196 2514 2442 2575 artificia
2471 2534 2710 2577 necnon

632 2620 693 2671 et
719 2609 879 2672 vrbis
906 2610 1182 2671 victualia
1207 2611 1573 2690 vbicumque
1600 2628 1709 2670 sua
1737 2608 1938 2670 subtili
1968 2610 2345 2687 diposicione
2371 2610 2678 2689 gubernat.

300 2712 503 2788 Capm.
538 2728 629 2769 xv.
672 2710 797 2768 Hic
822 2706 1087 2785 loquitur
1120 2708 1201 2769 de
1229 2709 1381 2771 Ciue
1410 2709 1513 2769 illo
1548 2708 1837 2767 maliuolo
1863 2717 1923 2767 et
1950 2708 2305 2785 impetuoso,
2335 2708 2439 2785 qui
2469 2708 2716 2769 Maioris

632 2804 1022 2868 ministerium
1052 2806 1167 2867 sibi
1188 2810 1483 2885 adoptans
1512 2806 1573 2865 in
1601 2806 1886 2865 conciuae
1907 2823 2074 2865 suam
2095 2805 2377 2866 accendit
2397 2806 2712 2879 maliciam,

634 2924 757 2983 quo
794 2910 979 2987 magis
1018 2926 1231 2969 sanum
1269 2905 1525 2966 ciuitatis
1565 2904 1830 2982 regimen
1870 2920 1978 2963 sua
2015 2903 2460 2980 importunitate
2497 2914 2718 2981 pertur-

632 3002 737 3065 bat
764 3014 827 3067 et
854 3006 1159 3083 extinguit.

302 3106 503 3185 Cap-².
536 3102 648 3165 xvi.
695 3103 820 3163 Hic
850 3104 1111 3183 loquitur
1131 3102 1321 3163 eciam
1344 3101 1422 3161 de
1444 3098 1579 3161 ciue
1606 3099 1726 3171 illo,
1753 3098 1854 3177 qui
1878 3097 2186 3175 linguosus
2212 3106 2272 3158 et
2295 3096 2545 3157 Susurro
2566 3097 2718 3159 inter

637 3200 921 3263 concines
958 3202 1281 3262 seminator
1320 3198 1754 3259 discordiarum
1797 3196 2006 3256 existit.
2095 3194 2387 3272 Loquitur
2429 3195 2508 3256 de
2544 3196 2718 3255 variis

638 3301 827 3362 eciam
856 3300 1131 3377 periculis
1159 3298 1477 3359 occasione
1504 3295 1665 3355 male
1694 3294 1896 3372 lingue
1924 3292 2432 3369 contingentibus».

901 3444 1295 3522 Expueiunt
1332 3442 1649 3517 capitula
1687 3440 1846 3501 libri
1887 3439 2126 3515 quinti.

952 3737 1295 3815 Incipiunt
1330 3735 1646 3809 capitula
1682 3734 1840 3795 libri
1877 3731 2100 3794 Sexti.

306 3890 514 3969 Capm.
546 3890 585 3951 i.
630 3888 847 3967 Exquo
890 3889 968 3950 de
1008 3906 1203 3951 errore
1244 3887 1308 3946 in
1350 3884 1597 3962 singulis
1643 3883 2063 3961 temporalium
2109 3880 2391 3960 gradibus
2433 3880 2724 3944 existente

642 3996 957 4048 &actatum
1022 3996 1130 4060 est,
1190 3986 1309 4045 iam
1365 3984 1508 4062 quia
1569 3998 2064 4059 vnumquemque
2118 3979 2232 4040 sub
2283 3980 2428 4059 legis
2493 3980 2726 4040 iusticia

640 4085 955 4162 gubernari
998 4092 1248 4161 oportet,
1287 4090 1538 4142 tractare
1579 4080 1822 4140 vlterius
1861 4077 2122 4138 intendit
2160 4077 2240 4139 de
2282 4078 2396 4138 illis
2439 4078 2543 4156 qui
2586 4078 2727 4137 iuris

642 4182 895 4243 ministri
943 4182 1242 4254 dicuntur,
1292 4180 1569 4258 quamuis
1616 4187 1818 4239 tamen
1869 4176 1981 4255 ipsi
2023 4195 2266 4237 omnem
2308 4176 2432 4236 suis
2479 4174 2728 4235 cautelis

642 4280 939 4343 iusticiam
979 4280 1377 4353 confundunt,
1423 4287 1483 4340 et
1525 4285 1768 4355 propter
1804 4275 2018 4337 mundi
2060 4273 2291 4336 lucrum
2325 4274 2730 4355 multipliciter

1122 4441 1278 4505 Afler
1296 4441 1425 4506 cap.
1448 4456 1484 4491 x
1506 4456 1572 4491 κο
1592 4448 1736 4506 spaoe
1755 4438 1945 4491 CEGD
