3434 5142
1177 448 1462 516 LIBER
1517 449 1887 551 SEXTUS

2508 456 2633 533 269

429 622 628 677 nuper
674 608 752 664 de
802 608 1123 677 probitate
1145 596 1436 665 ‘famosis
1482 610 1826 667 succedunt
1872 610 2058 668 modo
2108 611 2239 680 alli,
2275 611 2383 682 qui
2428 626 2631 681 neque

309 748 315 753 .
428 697 640 753 diuine
675 711 880 766 neque
913 697 1187 754 humane
1219 698 1424 753 laudis
1458 696 1634 766 digni
1669 698 2037 759 efficiuntur.

231 810 428 888 Capm.
459 828 550 869 xx.

679 810 855 886 Legis
896 809 1102 870 diuine
1142 809 1192 870 si
1229 812 1489 873 emtores
1517 810 1749 885 abiere,

591 906 690 966 Sic
731 926 1005 984 proceres
1046 909 1258 969 mundi
1297 927 1464 968 nunc
1503 906 1705 969 abiere
1744 907 1938 986 probi.

587 1004 866 1063 Mortuus
908 1016 998 1065 est
1039 1005 1228 1065 iustus
1269 1006 1582 1079 Troianus,
1626 1016 1686 1065 et
1728 1023 1871 1065 ecce
1911 1005 2179 1065 tirannus

589 1102 756 1162 Iusta
796 1111 1015 1163 statuta
1055 1104 1243 1163 modo
1282 1104 1560 1182 deprimit
1601 1104 1729 1180 ipse
1773 1105 1972 1167 Nero:

587 1200 883 1261 Conditor
914 1211 982 1262 et
1016 1202 1214 1279 legum
1257 1220 1419 1262 nunc
1462 1202 1827 1263 Iustinianus
1866 1200 2075 1275 abiait,

585 1298 689 1361 Set
731 1297 1040 1358 Dionisius
1080 1299 1188 1359 has
1229 1300 1517 1376 dampnat
1559 1296 1781 1359 habere
1820 1316 1979 1359 suas.

585 1396 865 1455 Mortuus
903 1407 996 1456 est
1035 1406 1232 1457 castus
1273 1396 1500 1473 probus
1541 1406 1721 1473 atque
1760 1395 2234 1469 Valentinianus,

583 1494 924 1570 Tarquinus
966 1495 1153 1571 ceptri
1195 1494 1316 1555 iam
1357 1495 1504 1573 regit
1545 1505 1678 1554 acta
1720 1494 1829 1555 sui.

582 1592 807 1669 Largus
853 1592 1193 1653 Alexander
1231 1593 1480 1653 moritur
1518 1612 1620 1653 rex
1661 1608 1852 1669 nuper
1893 1592 2147 1668 opimus,

581 1689 662 1749 Et
700 1688 890 1749 modo
931 1691 1216 1751 successit
1258 1690 1480 1751 Cresus
1517 1708 1733 1749 auarus
1768 1689 1849 1749 ei.

581 1788 860 1847 Mortuus
901 1786 1002 1848 ille
1043 1789 1176 1865 pius
1218 1797 1309 1849 est
1350 1788 1800 1861 Constantinus,
1845 1795 1907 1846 et
1946 1804 2089 1847 ecoe

584 1884 887 1945 Antonius
927 1885 1078 1945 solio
1119 1885 1239 1945 iam
1281 1884 1450 1945 sedet
1491 1886 1620 1962 ipse
1661 1902 1790 1944 suo.

584 1981 855 2041 Ecclesie
894 1982 1086 2042 cultor
1124 1982 1506 2042 Theodosius
1547 1982 1675 2057 ipse
1716 1963 1976 2053 rece’ssit,

582 2078 1001 2155 Successitque
1043 2079 1186 2150 Leo,
1231 2079 1464 2139 soluere
1506 2078 1631 2138 vult
1673 2086 1735 2137 et
1776 2095 1908 2137 eam
1924 2098 1945 2136 -ε

581 2162 846 2236 Insultor
885 2174 1028 2235 fidei
1061 2175 1471 2236 Constancius
1511 2184 1645 2234 acta
1685 2174 2035 2251 prophanat,

579 2272 928 2349 Tiberiique
963 2271 1154 2331 modo
1194 2271 1424 2348 deperit
1463 2271 1620 2331 alma
1661 2272 1829 2331 fides·

580 2371 857 2431 Mortuus
899 2380 991 2431 eet
1034 2370 1240 2441 Iulius,
1285 2369 1388 2446 qui
1431 2386 1610 2447 regna
1649 2366 1887 2446 subegit
1928 2368 1991 2427 in
2030 2368 2224 2441 armiS,

580 2468 662 2529 Et
704 2468 968 2530 Romam
1009 2467 1215 2528 statuit
1255 2466 1536 2527 omnibus
1579 2484 1710 2527 esse
1753 2476 1949 2544 caput.

579 2568 860 2627 Mortuus
901 2576 993 2627 est
1034 2564 1322 2639 Hannibal,
1367 2583 1472 2642 per
1505 2581 1695 2642 quem
1738 2564 1995 2641 Cartago
2036 2561 2289 2640 vigebat,

579 2664 712 2725 Iam
754 2681 952 2740 neque
993 2664 1268 2740 Cartago,
1313 2673 1403 2723 set
1443 2681 1642 2740 neque
1682 2664 1885 2722 Roma
1926 2661 2099 2737 viget.

578 2762 828 2836 Hector,
873 2762 936 2821 in
973 2778 1125 2822 ense
1165 2778 1278 2821 suo
1318 2760 1422 2837 qui
1463 2777 1656 2836 nuper
1699 2770 1823 2819 erat
1864 2757 2241 2831 metuendus,

576 2859 636 2918 N
639 2877 759 2919 unc
798 2860 987 2937 magis
1026 2869 1117 2919 est
1159 2859 1404 2919 Heleno
1443 2856 1600 2918 bella
1642 2858 1891 2917 timente
1931 2874 2195 2933 pauens:

577 2956 815 3017 Corruit
855 2956 1128 3028 EacideS,
1173 2973 1287 3033 pro
1325 2974 1450 3033 quo
1490 2956 1739 3015 surrexit
1781 2954 2022 3015 inermis

573 3054 854 3127 Tersites‚
898 3072 1018 3131 que
1057 3071 1201 3113 suus
1243 3053 1470 3130 indiget
1510 3052 1670 3113 ensis
1711 3070 1847 3129 ope.

654 3151 932 3211 Mortuus
973 3160 1064 3211 est
1103 3151 1341 3228 sapiens
1383 3150 1668 3211 Salomon
1712 3148 2083 3225 Roboasque
2120 3147 2351 3221 reviuit,

575 3247 718 3323 Quo
758 3258 1042 3326 superant
1081 3249 1330 3308 iuuenes
1370 3247 1624 3324 prouida
1663 3246 1827 3307 dicta
1868 3264 2097 3306 senum.

574 3345 774 3405 Distat
813 3363 982 3406 amor
1023 3346 1282 3407 Ionathe
1322 3362 1442 3422 que
1485 3344 1684 3407 Dauid
1727 3344 1914 3405 modo
1955 3342 2329 3417 dissociatus,

570 3442 666 3502 Ex
706 3443 972 3522 odioque
1011 3444 1150 3505 furit
1189 3443 1430 3504 invidus
1470 3444 1598 3520 ipse
1638 3443 1818 3503 Saiil:

568 3539 850 3602 Consulit
890 3542 989 3601 hic
1029 3541 1220 3603 eciam
1263 3541 1450 3603 modo
1491 3541 1815 3603 Phitonem
1855 3539 2185 3613 mulierem,

568 3639 857 3715 Dumque
896 3639 995 3700 dei
1036 3657 1292 3699 vacuum
1333 3640 1528 3718 gracia
1567 3639 1785 3716 linquit
1824 3655 1985 3698 eum.

569 3736 752 3795 Nunc
791 3736 1134 3796 induratum
1173 3736 1433 3813 persistit
1473 3755 1580 3797 cor
1619 3737 1944 3796 Pharaonis
1968 3754 1988 3809 3

567 3832 761 3894 Sentit
800 3838 1000 3893 amara
1035 3833 1159 3908 dei,
1203 3851 1317 3894 nec
1357 3834 1527 3895 timet
1565 3834 1710 3893 inde
1749 3834 1973 3894 deum:

565 3928 665 3991 Sic
706 3930 860 3990 redit
901 3931 963 3990 in
1009 3930 1228 3993 vulnus
1268 3932 1436 3993 nullo
1477 3932 1820 3993 medicante
1858 3930 2121 4003 cicatrix,

563 4028 705 4104 Que
746 4030 908 4105 prius
950 4038 1012 4091 et
1050 4029 1244 4089 tenuit
1284 4048 1408 4090 sors
1449 4030 1625 4103 mala,
1669 4030 1839 4107 peior
1880 4028 2079 4089 habet.

566 4127 906 4188 Consilium
947 4145 1200 4204 prauum
1241 4144 1404 4185 nunc
1443 4127 1704 4187 creditur
1744 4125 2139 4199 AchitofeIIiS,

565 4225 844 4287 Consulit
885 4234 946 4285 et
989 4224 1206 4300 Cusay,
1252 4223 1386 4301 quis
1429 4242 1628 4301 neque
1670 4223 1861 4285 credit
1902 4224 1995 4288 ei:

569 4323 931 4400 Inuidiaque
972 4320 1126 4382 Ioab
1167 4322 1477 4383 inmunem
1519 4320 1639 4385 iam
1681 4332 1857 4383 necat
1896 4321 2123 4397 Abner,

567 4422 702 4482 Nec
743 4420 856 4482 sibi
897 4438 1038 4481 cum
1080 4436 1218 4497 rege
1259 4437 1441 4497 quem
1481 4420 1622 4481 sinit
1662 4438 1795 4482 esse
1834 4437 2055 4499 parem.

2492 1696 2625 1746 1280

2490 2683 2619 2733 1²90

2480 3656 2611 3709 13⁰0
