3434 5142
796 419 915 498 17⁶

1485 413 1691 479 'VOX
1750 411 2290 480 CLAMANTIS

861 607 983 664 Hie
1028 609 1305 679 loquitur
1345 610 1512 679 quod
1555 609 1723 664 sieut
1768 607 2066 663 monaehi
2112 608 2210 664 ita
2245 607 2311 664 et
2359 607 2652 662 errante·
2693 603 3002 661 cmonlei

787 710 832 751 ει
855 697 992 752 suis
1016 700 1169 752 sunt
1192 697 1559 753 excessibus
1583 696 1894 766 culpandi.

564 813 761 892 Capm.
792 815 909 878 viii.

1038 819 1114 878 In
1156 838 1219 879 re
1259 816 1573 892 consimili,
1618 816 1775 878 sicut
1815 817 2054 878 decreta
2094 817 2371 888 fatentur,

954 913 1256 976 Iudicium
1296 914 1490 976 simile
1530 916 1610 977 de
1650 913 1891 976 racione
1931 913 2146 975 dabis:

954 1014 1272 1092 Quotquot
1312 1013 1375 1073 in
1416 1011 1670 1074 ecclesia
1710 1011 2017 1090 signantur
2057 1009 2327 1090 religiosi,

952 1109 1017 1172 Si
1056 1131 1429 1190 possessores
1470 1111 1605 1185 sint,
1648 1120 1996 1188 reputantur
2036 1107 2216 1170 idem.
2895 1128 2998 1180 350

952 1210 1036 1268 Vt
1077 1209 1424 1283 monachOS,
1468 1206 1553 1268 sic
1594 1207 1920 1268 canonicos
1961 1226 2112 1285 quos
2154 1205 2356 1267 deuiat
2396 1225 2570 1281 error,

956 1307 1033 1366 In
1074 1325 1217 1367 casu
1258 1304 1437 1366 simili
1476 1307 1655 1383 culpa
1694 1316 1954 1383 coequat
1993 1325 2115 1366 eos.

953 1404 1015 1464 N
1019 1423 1139 1464 unc
1182 1414 1402 1478 tamen,
1446 1414 1510 1464 vt
1549 1405 1748 1476 fertur,
1791 1404 1991 1481 plures
2033 1421 2142 1462 sua
2181 1400 2310 1463 iura
2349 1400 2640 1474 recidunt,

953 1503 1305 1580 Apocapata
1343 1521 1507 1561 nouo
1547 1520 1667 1580 que
1707 1499 1880 1579 quasi
1918 1498 2045 1561 iure
2085 1498 2296 1561 silent:

955 1599 1144 1658 Hunc
1184 1597 1439 1676 rigidum
1483 1608 1729 1672 textum,
1772 1617 1956 1676 quem
1997 1597 2309 1676 scripserat
2347 1608 2557 1659 auctor
2595 1615 2822 1671 eorum,

956 1695 1317 1756 Mollificant
1355 1695 1535 1774 glosis
1574 1697 1654 1757 de
1694 1694 1962 1757 nouitate
2005 1692 2142 1756 suis·

954 1793 1199 1868 Sufficit,
1242 1803 1306 1854 vt
1344 1795 1613 1867 credunt,
1658 1791 1875 1872 signari
1914 1791 2160 1854 nomine
2200 1791 2390 1854 sancti

952 1890 1215 1966 Ordinis,
1260 1903 1321 1952 et
1360 1893 1555 1953 facere
1594 1892 1762 1970 quod
1803 1891 1952 1970 petit
1991 1893 2143 1953 ordo
2183 1909 2408 1970 parum.

1037 1990 1280 2050 Nomen
1323 1986 1619 2052 Canonici
1658 1987 1709 2048 si
1751 1987 1829 2049 sit
1867 1989 1946 2050 de
1986 1984 2220 2050 canone
2261 1999 2584 2067 sumptum,

954 2087 1116 2148 Illud
1157 2087 1219 2148 in
1260 2089 1476 2149 effectu
1516 2107 1610 2148 res
1650 2085 1761 2146 tibi
1801 2105 1932 2148 raro
1971 2086 2221 2166 probatz
2897 2093 2998 2159 3⁶0

954 2183 1067 2244 Hii
1104 2195 1309 2246 tamen
1349 2187 1429 2246 ad
1468 2181 1663 2245 visum
1704 2195 1940 2262 gestant
1978 2184 2043 2245 in
2083 2185 2260 2263 plebe
2301 2185 2550 2262 figuram

952 2283 1325 2357 Sanctorum,
1370 2293 1461 2344 set
1500 2281 1563 2343 in
1604 2285 1724 2344 hoc
1765 2285 1968 2362 regula
2005 2301 2149 2361 sepe
2187 2280 2366 2344 eadit.

952 2380 1177 2442 Subtus
1218 2381 1445 2442 habent
1484 2391 1679 2442 vestes
1720 2381 1904 2454 albas„
1949 2391 2040 2441 set
2079 2382 2338 2459 desuper
2377 2379 2536 2460 ipsas

952 2477 1139 2554 Nigra
1179 2477 1519 2556 superficies
1558 2477 1820 2539 candida
1861 2497 2100 2556 queque
2141 2477 2324 2556 tegit3

951 2579 1141 2637 Actus
1182 2588 1244 2638 et
1282 2589 1527 2639 econtra
1566 2597 1632 2638 se
1672 2577 2108 2640 demonstrabit
2145 2597 2372 2652 eorum,

838 2715 845 2720 -
951 2675 1003 2734 F
1002 2673 1213 2752 ingunt
1252 2675 1391 2735 alba
1430 2673 1587 2749 foris,
1630 2673 1799 2754 nigra
1839 2687 1930 2736 set
1969 2675 2132 2737 intus
2171 2687 2372 2754 agunt.

950 2773 1096 2832 Non
1124 2771 1212 2832 sic
1236 2772 1377 2833 dico
1404 2783 1607 2834 tamen
1634 2771 1767 2848 hiis,
1799 2772 1922 2852 qui
1951 2793 2078 2835 sua
2101 2776 2420 2858 claustra
2442 2774 2914 2852 frequentant

946 2871 1051 2929 Ad
1090 2872 1657 2949 contemplandum
1699 2870 2078 2950 simplicitate
2117 2891 2266 2932 sua:

950 2967 1199 3028 Talibus
1238 2967 1427 3029 immo
1466 2970 1696 3047 loquor,
1741 2969 1962 3048 quibus
2001 2981 2092 3031 est
2131 2981 2423 3032 scrutatus
2463 2970 2542 3031 ab
2581 2970 2736 3031 infra

951 3067 1240 3141 MunduS,
1285 3077 1346 3127 et
1384 3065 1639 3128 exterius
1680 3067 1866 3129 celica
1906 3067 2076 3147 signa
2113 3079 2341 3147 gerunt.
2893 3089 2996 3144 370

860 3287 983 3345 Hie
1020 3290 1299 3360 loquitur
1336 3293 1611 3362 qualiter
1648 3293 1932 3362 religiosi
1969 3294 2139 3350 male
2177 3294 2468 3351 vluentes
2508 3294 2802 3350 omnibus
2847 3293 2998 3350 ani·

792 3376 1275 3448 quibuscumque
1296 3381 1655 3436 hominibus
1674 3381 2094 3438 infelicissimi
2119 3383 2428 3438 existunt.
2959 3369 2968 3380 ’

606 3495 803 3575 Capm.
834 3495 909 3559 ix
1036 3499 1271 3562 Estimo
1309 3472 1649 3564 c1austras'es
1690 3503 1878 3582 magis
1918 3501 2254 3565 infeucibus
2296 3502 2456 3564 horis

951 3598 1065 3658 Pre
1104 3597 1346 3677 reliquis
1386 3598 1567 3674 nasci,
1614 3600 1733 3661 sint
1773 3600 1888 3661 nisi
1926 3603 2080 3662 forte
2120 3601 2307 3662 boni:

953 3695 1194 3756 Mundo
1235 3716 1378 3756 nam
1420 3699 1753 3758 monachus
1795 3698 2044 3759 moritur
2083 3696 2346 3760 viuendo
2387 3700 2703 3777 professuS,

952 3792 1136 3867 Quod
1180 3793 1389 3871 nequit
1428 3793 1491 3854 in
1534 3796 1781 3870 mundo,
1827 3794 1913 3856 sic
1953 3799 2116 3857 velut
2154 3798 2301 3856 alter
2341 3796 2546 3872 hom0,

952 3890 1225 3951 Exterius
1264 3893 1524 3969 gaudere
1565 3891 1758 3967 boniS,
1802 3903 1863 3954 et
1903 3892 1954 3954 si
1995 3891 2142 3972 quid
2182 3893 2262 3953 ab
2302 3892 2463 3955 intus

952 3986 1043 4046 Sit
1082 3986 1337 4066 cupidus
1378 3989 1607 4064 mundi,
1651 3989 1847 4068 perdit
1886 4010 2104 4052 amena
2142 3988 2282 4070 poli.

950 4082 1050 4144 Sic
1090 4103 1205 4144 nec
1246 4098 1581 4163 presentem
1623 4087 1806 4148 vitam
1849 4109 1962 4150 nec
2003 4088 2223 4150 habere
2263 4090 2524 4150 futuram

952 4181 1207 4243 Constat
1246 4201 1405 4257 eum,
1448 4203 1571 4262 quo
1614 4185 1706 4246 bis
1747 4198 1838 4248 est
1881 4185 2060 4248 miser
2097 4186 2226 4266 ipse
2269 4187 2492 4266 magis:

954 4279 1232 4340 Mortuus
1274 4281 1388 4341 hac
1428 4280 1551 4342 vita
1590 4283 1855 4358 moritur,
1899 4286 2048 4346 dum
2092 4296 2282 4346 morte
2323 4285 2591 4346 secunda

952 4376 1305 4455 Computet
1345 4378 1632 4440 amissum
1675 4392 1914 4461 tempus
1957 4394 2274 4462 Vtrumque
2315 4402 2510 4443 suum.
2897 4393 3000 4458 380
