3434 5142
827 421 946 502 148
1529 420 1733 487 VOX
1787 420 2327 487 CLAMANTIS

984 580 1278 641 Persoluit
1317 599 1536 659 sponse
1576 579 1784 641 debita
1824 578 1950 642 iura
1988 600 2111 641 sue.

983 675 1083 736 Sic
1123 676 1283 755 capit
1321 676 1384 738 in
1425 698 1566 738 cura
1606 688 1801 738 rector
1840 677 1954 738 sibi
1994 698 2243 757 corpora
2282 679 2503 757 pulcra,

987 776 1065 834 Et
1105 776 1271 836 fedas
1311 774 1540 835 animas
1582 774 1797 853 linquit
1838 775 2001 837 abire
2042 796 2235 854 vagas.

889 992 1008 1049 Hic
1041 996 1320 1065 loquitur
1352 997 1432 1051 de
1467 996 1824 1053 rectoribus
1860 996 1927 1051 in
1968 997 2140 1052 curis
2181 995 2624 1075 residentibm
2660 997 2768 1066 qui
2806 998 3021 1053 tamen

817 1094 1004 1137 curat
1046 1084 1397 1139 animarum
1441 1084 1827 1151 omittentes,
1867 1084 2052 1152 quasi
2097 1084 2294 1139 seculi
2333 1086 2729 1139 mercatores
2766 1084 3024 1151 singula

813 1169 1190 1325 331⁰&
1213 1171 1289 1227 de
1312 1171 1413 1226 die
1440 1171 1507 1225 in
1528 1171 1696 1227 diem
1721 1173 2007 1228 ementes
2030 1172 2097 1228 et
2118 1171 2493 1237 vendentes,
2516 1172 2733 1227 mundi
2754 1172 3022 1227 diuicias

607 1374 806 1449 Capm.
837 1376 947 1437 xix.
1075 1380 1337 1456 Quartus
1375 1382 1576 1441 adhuc
1617 1390 1811 1441 rector
1849 1398 2054 1439 curam
2094 1378 2416 1441 residendo
2454 1378 2731 1457 sinisti-at,

981 1476 1240 1555 Ipseque
1283 1488 1574 1537 mercator
1613 1476 1823 1537 circuit
1862 1497 2045 1537 omne
2086 1496 2297 1555 genuS.

981 1575 1090 1633 Est
1129 1571 1244 1633 sibi
1285 1573 1506 1633 missa:
1563 1575 1759 1634 forum
1800 1572 2123 1635 meditatur
2162 1585 2223 1634 et
2264 1572 2407 1635 inde
2446 1573 2775 1648 tabernam,

977 1672 1079 1732 Ad
1120 1670 1266 1732 socii
1307 1674 1638 1751 dampnum
1679 1674 1827 1735 dum
1868 1672 2017 1751 petit
2058 1672 2187 1749 ipse
2228 1674 2476 1734 lucrum.

977 1768 1246 1831 Ecclesie
1287 1770 1566 1831 meritum
1606 1770 1818 1849 perdit,
1862 1773 2121 1832 lucratur
2161 1781 2222 1831 et
2260 1789 2511 1847 aurum;

973 1868 1058 1926 Vt
1098 1876 1298 1927 teneat
1340 1868 1652 1941 mundum,
1696 1866 1918 1928 deserit
1958 1866 2088 1945 ipse
2129 1867 2330 1928 deum.
2894 1890 3021 1941 1530

973 1962 1304 2041 Compumt
1345 1963 1472 2041 ipse
1513 1963 1677 2025 diem
1718 1984 1965 2038 cassam,
2011 1983 2132 2041 qua
2171 1966 2265 2023 vel
2308 1961 2423 2023 sibi
2463 1964 2715 2037 lucrum,

973 2059 1256 2139 Corporis
1297 2072 1401 2122 aut
1440 2062 1644 2121 luxum
1686 2080 1813 2121 non
1854 2060 2015 2139 capit
2052 2059 2181 2139 ipse
2221 2078 2487 2119 nouum:

975 2160 1086 2219 Est
1125 2170 1185 2219 et
1223 2158 1481 2220 auaricia
1521 2158 1637 2221 sibi
1677 2169 1896 2232 custos,
1941 2157 2029 2219 sic
2068 2169 2131 2219 vt
2171 2158 2235 2218 in
2277 2156 2393 2217 illis

972 2257 1210 2317 Partem
1251 2256 1486 2319 diuiciis
1525 2276 1753 2335 pauper
1794 2258 2015 2317 habere
2056 2254 2283 2335 nequit.

973 2355 1282 2415 Masculus
1323 2353 1386 2416 in
1426 2356 1593 2415 nullo
1633 2374 1778 2414 casu
1818 2353 2067 2433 partitur
2106 2373 2347 2432 egenus,

974 2451 1274 2531 Dupplice
1315 2472 1456 2513 nam
1497 2450 1652 2513 claui
1693 2452 1846 2513 cista
1884 2450 2101 2512 resistit
2140 2451 2236 2527 εἰς
2317 2486 2328 2499 ·

969 2549 1072 2609 Set
1113 2548 1302 2626 pietas
1343 2548 1512 2609 aliter
1551 2568 1616 2609 se
1657 2548 1927 2609 continet
1965 2550 2045 2609 ad
2087 2547 2415 2622 mulierem,

967 2645 1052 2704 Vt
1091 2644 1259 2705 iubet
1297 2644 1429 2724 ipsa
1467 2646 1692 2719 Venm,
1739 2656 1831 2706 est
1870 2643 1955 2705 ibi
1995 2647 2155 2724 larga
2196 2664 2427 2705 manus·

969 2741 1262 2820 Expansis
1302 2741 1555 2820 genibus
1597 2740 1953 2820 expanditur
1990 2761 2171 2802 aurea
2212 2740 2399 2817 cista3

969 2837 1219 2899 Femina
1257 2837 1308 2899 si
1347 2838 1563 2913 veniat,
1609 2839 1714 2899 dat
1755 2837 1871 2899 sibi
1910 2837 2097 2899 clauis
2139 2837 2285 2897 iter:
2886 2860 3016 2912 1540

969 2933 1190 2996 Durior
1229 2946 1320 2997 est
1358 2936 1529 3010 ferre,
1574 2955 1759 3014 quem
1799 2937 1999 2996 nullus
2041 2931 2429 3011 mollificabit,

967 3031 1172 3094 Vincit
1210 3033 1469 3095 feminea
1509 3045 1600 3096 set
1639 3054 1780 3096 caro
1820 3033 2017 3094 mollis
2058 3052 2215 3093 eum.

970 3131 1139 3191 Dans
1179 3130 1262 3193 ita
1302 3131 1450 3211 quid
1489 3152 1600 3211 pro
1640 3151 1766 3211 quo
1807 3150 2034 3192 merces
2074 3130 2353 3192 mercede
2393 3128 2616 3191 locabit

967 3228 1208 3304 Rector,
1248 3228 1313 3289 in
1352 3228 1690 3309 impropriis
1731 3231 1880 3292 dum
1922 3239 2092 3289 vacat
2132 3228 2260 3307 ipse
2300 3224 2496 3288 lucris.

964 3322 1166 3385 Omne
1207 3326 1374 3403 quod
1413 3346 1531 3385 vna
1572 3346 1786 3387 manus
1828 3324 1943 3386 sibi
1984 3334 2318 3403 congregat,
2362 3326 2547 3385 altera
2588 3322 2820 3402 spergit,

965 3421 1132 3480 Dum
1173 3440 1282 3481 sua
1321 3424 1426 3483 dat
1465 3422 1662 3483 cribro
1701 3423 1970 3483 balsama
2010 3424 2223 3482 stultus
2264 3421 2493 3481 homo:

963 3517 1275 3596 Stultaque
1315 3518 1402 3579 sic
1443 3521 1690 3579 stultum
1732 3519 1958 3597 predat‚
2003 3520 2169 3596 quod
2210 3518 2331 3603 fine
2372 3515 2605 3578 dierum

964 3613 1068 3674 Nil
1109 3614 1225 3676 nisi
1263 3614 1341 3677 sit
1381 3635 1511 3676 rasa
1550 3617 1741 3678 barba
1779 3614 2047 3676 manebit
2086 3614 2157 3676 ei.

1046 3712 1104 3773 Ο
1146 3711 1195 3773 si
1236 3712 1454 3774 curatis
1495 3712 1621 3773 nati
1661 3713 1984 3773 succedere
2024 3722 2288 3790 possent,

964 3808 1235 3870 Ecclesie
1275 3810 1450 3870 titulo
1488 3811 1761 3887 ferreque
1802 3808 1931 3869 iura
1970 3820 2223 3888 patrum,
2881 3830 3011 3885 ¹⁵50

963 3906 1140 3966 Tunc
1180 3905 1295 3968 sibi
1339 3907 1706 3986 Romipetas,
1754 3906 1958 3967 mortis
1999 3906 2218 3985 quibus
2259 3916 2351 3968 est
2390 3906 2585 3969 aliene

963 4002 1130 4081 SpeS‚
1174 4004 1358 4065 nichil
1399 4017 1502 4067 aut
1543 4004 1852 4066 modicum
1894 4024 2070 4085 posse
2111 4008 2306 4067 valere
2347 4016 2513 4083 puto·

961 4100 1126 4161 Talis
1166 4100 1231 4162 in
1271 4103 1522 4165 ecclesia
1561 4124 1725 4165 nunc
1765 4114 1855 4165 est
1895 4101 2153 4165 deuocio
2194 4115 2360 4164 mota

962 4198 1198 4261 Curatis
1237 4200 1487 4263 nostris:
1542 4200 1768 4263 iudicet
1807 4200 1950 4263 inde
1990 4201 2157 4263 deus,

865 4342 990 4391 1533
1027 4328 1122 4379 Est
1156 4336 1211 4380 et
1245 4330 1284 4380 S
1351 4330 1447 4380 Est
1477 4330 1573 4381 sed
1609 4332 1736 4397 (aet)
1776 4330 2019 4381 CEHGL
2087 4331 2181 4381 Est
2213 4336 2288 4381 set
2304 4338 2351 4382 et
2374 4332 2423 4382 D
2652 4344 2777 4395 1541
2818 4330 3011 4384 Durior

794 4404 1134 4459 CEHGDLT
1201 4407 1398 4458 Durius
1422 4406 1464 4461 S
1661 4422 1791 4473 1552
1814 4410 2117 4460 modicicum
2140 4408 2183 4463 S
