3434 5142
1177 493 1460 558 LIBER
1518 492 1974 572 QUARTUS
2563 493 2723 569 169.

644 657 790 716 Non
830 653 1021 732 tetigit
1060 655 1291 715 loculos
1334 673 1619 714 nummus
1658 671 1860 732 neque
1897 651 2038 714 vina
2075 653 2358 731 palatum,

647 753 779 813 Nec
819 751 959 812 furit
998 751 1061 813 in
1102 752 1323 812 lumbis
1362 771 1579 813 carnea
1616 753 1860 812 flamma
1897 748 2060 812 suis:
2591 771 2687 810 100

650 849 790 910 Hiis
831 851 1021 912 fuerat
1059 861 1266 911 sancta
1302 868 1475 910 mens
1512 847 1886 928 propositum
1926 847 2084 909 bene
2121 865 2382 920 seruans»,

648 949 983 1010 Perdurans
1022 947 1085 1008 in
1126 947 1289 1009 idem
1328 949 1495 1026 quod
1536 948 1692 1008 bene
1733 945 1894 1026 cepit
1930 965 2100 1024 opus·

730 1044 841 1106 Hii
880 1047 1113 1106 fuerant
1152 1045 1429 1106 homines
1468 1044 1625 1120 iusti,
1672 1046 1966 1105 mundum
2001 1042 2313 1122 fugientes,

648 1145 820 1220 Quos
860 1154 1244 1222 peccatorum
1284 1145 1483 1203 nullus
1524 1153 1766 1204 onustat
1803 1161 2010 1203 arnorz

647 1242 921 1302 Mundus
960 1261 1085 1302 non
1125 1241 1367 1302 retrahit
1406 1241 1541 1302 illos
1579 1261 1617 1302 a
1654 1240 1890 1302 tramite
1929 1249 2111 1315 rect0,

647 1339 793 1399 Illos
832 1359 947 1400 nec
987 1350 1230 1400 reuocat
1263 1339 1345 1400 ad
1384 1339 1543 1399 mala
1580 1339 1723 1399 feda
1761 1357 1934 1399 caro:

645 1435 869 1497 Omnia
907 1447 1279 1515 postponunt
1318 1455 1437 1514 que
1476 1437 1742 1498 mundus
1781 1455 1938 1497 vana
1975 1432 2284 1508 ministrat,

646 1535 726 1595 Et
764 1533 878 1595 celi
919 1537 1115 1595 solum
1153 1533 1512 1613 concupiere
1550 1535 1752 1596 deum.

643 1632 820 1692 Tunc
860 1633 1057 1710 pudor
1094 1631 1158 1692 in
1198 1631 1417 1710 stipula
1454 1651 1570 1693 nec
1610 1644 1736 1695 erat
1775 1631 2004 1710 cepisse
2045 1629 2326 1710 quietem,

643 1729 775 1790 Nec
814 1731 1021 1790 fenum
1062 1729 1243 1809 oepiti
1280 1729 1665 1808 supposuisse
1703 1749 1852 1792 suo:
2585 1751 2605 1787 1
2621 1749 2683 1787 ιο

640 1825 804 1888 Silua
842 1829 1061 1889 domus
1100 1830 1305 1901 fuerat,
1349 1827 1519 1889 cibus
1560 1828 1764 1902 herba,
1807 1826 2086 1888 cubicula
2120 1825 2382 1900 frondeS,

641 1925 779 2000 Que
820 1925 993 1985 tellus
1034 1926 1199 1985 nulla
1235 1924 1547 1987 sollicitate
1586 1925 1789 1986 dabat.

644 2022 719 2080 In
762 2041 982 2100 magno
1026 2024 1283 2086 Corulus
1323 2021 1525 2102 precio
1564 2035 1713 2084 tunc
1753 2020 1952 2083 floruit
1991 2020 2124 2094 inis,

642 2120 931 2198 Duraque
970 2120 1315 2199 magnificas
1356 2140 1609 2199 quereus
1650 2119 1914 2181 habebat
1954 2137 2136 2197 opes:

640 2216 943 2278 Arbuteos
983 2219 1137 2278 fetus
1178 2229 1585 2296 montanaque
1623 2219 1816 2296 fragra
1853 2217 2148 2296 legebant,

642 2315 780 2390 Que
821 2315 1068 2376 condita
1106 2317 1229 2377 sale
1270 2335 1385 2377 nec
1424 2315 1740 2395 speciebus
1780 2326 1984 2376 erant:

637 2412 703 2473 Si
745 2432 865 2492 que
904 2413 1253 2476 deciderant
1291 2417 1495 2493 patule
1538 2412 1704 2475 Iouis
1744 2414 1956 2475 arbore
1995 2414 2260 2491 glandeS,

640 2511 989 2587 Sumebant,
1034 2523 1097 2572 et
1134 2509 1199 2572 in
1240 2510 1355 2572 hiis
1396 2514 1754 2574 convaluere
1793 2511 1960 2574 cibis.

641 2608 926 2670 Contenti
963 2608 1217 2671 modicis
1258 2621 1469 2671 natura
1508 2621 1725 2688 sponte
1764 2608 1992 2685 creatis,

639 2707 967 2768 Soluebant
1007 2726 1246 2769 summo
1284 2720 1427 2770 vota
1464 2707 1686 2787 pudica
1725 2710 1860 2770 deo,
2588 2728 2682 2768 120

638 2804 751 2865 Hii
792 2817 937 2866 tunc
978 2805 1209 2868 iusticie
1248 2807 1496 2886 perfecti
1534 2825 1720 2886 grana
1758 2818 2038 2882 serentes,

637 2903 890 2964 Fructus
931 2916 1217 2966 centenos
1257 2925 1421 2966 nunc
1462 2905 1591 2967 sine
1632 2907 1754 2967 fine
1793 2917 2067 2967 metunt:

638 3001 743 3062 Set
782 3011 953 3062 vetus
993 3001 1095 3064 ina
1134 3005 1293 3064 salus
1333 3003 1682 3077 animarum,
1728 3002 2028 3083 religionis

637 3100 776 3175 Que
815 3099 943 3173 suit,
986 3099 1221 3161 infirma
1260 3121 1439 3162 carne
1478 3103 1730 3163 subacta
1767 3101 1934 3181 perit.

541 3331 664 3389 Hic
708 3335 985 3404 loquitur
1027 3335 1303 3404 qualiter
1341 3335 1565 3391 modus
1607 3337 1673 3391 et
1712 3337 1952 3404 regula,
1993 3336 2100 3407 qui
2141 3353 2186 3394 ει
2224 3337 2670 3394 fundatoribu-

471 3422 713 3478 ordinia
758 3423 1050 3493 primitus
1096 3423 1352 3478 fuerant
1400 3425 1752 3494 constituti,
1799 3425 1928 3479 iam
1976 3426 2231 3482 nouiter
2277 3441 2320 3481 a
2365 3425 2676 3482 viciorum

475 3511 929 3568 consuetudine
966 3511 1035 3566 in
1070 3514 1541 3584 quampluribus
1575 3515 2047 3570 subuertuntur.

280 3639 479 3716 Capm.
512 3634 593 3696 iii.
720 3632 797 3691 In
836 3652 999 3694 noua
1037 3630 1395 3695 multociens
1433 3630 1668 3694 animus
1709 3645 1986 3708 mutatur,
2030 3646 2090 3695 et
2131 3632 2274 3697 inde

634 3734 833 3797 Testis
874 3734 983 3796 erit
1022 3733 1304 3796 monachi
1343 3733 1545 3812 regula
1583 3747 1750 3796 mota
1789 3733 1988 3796 michi.

636 3833 733 3896 Fit
774 3835 961 3896 modo
1002 3845 1231 3894 curtata
1271 3834 1705 3895 monachorum
1747 3836 1948 3912 regula
1988 3833 2196 3913 prima,

636 3933 747 3993 Est
786 3951 927 3992 nam
965 3950 1030 3992 re
1070 3931 1331 4010 dempta,
1375 3930 1461 3993 sic
1502 3943 1705 3992 manet
1746 3930 1876 4010 ipsa
1913 3935 2058 4010 gula‘
2072 3953 2091 4007 ς

636 4031 716 4090 Et
757 4031 974 4091 modus
1014 4049 1053 4090 a
1092 4029 1299 4091 modio
1340 4028 1665 4108 largissima
1703 4029 1844 4090 vina
1882 4028 2151 4092 bibendo

636 4126 870 4190 Dicitur
910 4127 972 4188 in
1016 4129 1333 4202 monache,
1379 4127 1483 4206 qui
1522 4138 1689 4188 vorat
1729 4128 1959 4205 absque
1999 4129 2201 4190 modo.
2577 4154 2675 4204 130

634 4227 718 4285 Vt
759 4245 883 4286 non
924 4225 1125 4304 lingua
1165 4228 1384 4304 loquax
1424 4227 1636 4288 dentes
1676 4225 1913 4288 turbare
1953 4228 2194 4304 gulosos

632 4323 845 4398 Possit,
889 4325 1037 4386 dum
1078 4325 1347 4403 prandet,
1392 4325 1541 4386 ordo
1582 4323 1754 4384 silere
1794 4322 1996 4386 iubet:

1321 4503 1415 4553 ¹03
1448 4487 1529 4540 No
1542 4497 1749 4556 paragr.
1777 4489 1816 4542 S
