3434 5142
1202 525 1486 591 LIBER
1544 526 1957 593 TERcms
2560 549 2678 610 14⁷

547 735 667 791 Hic
689 735 966 805 loquitur
986 737 1068 791 de
1091 738 1441 793 rectoribus
1469 738 1618 803 illis,
1650 738 1757 808 qui
1789 738 1857 792 in
1895 738 2062 793 curis
2093 740 2465 805 residentes,
2491 756 2682 796 cura·

475 828 690 880 tamen
757 824 1175 894 negligentes,
1234 826 1694 881 venacionibus
1761 829 2051 897 precipue
2116 831 2184 884 et
2243 830 2683 899 voluptatibus

479 912 734 980 penitus
767 911 1126 968 intendunt.

213 1036 413 1112 Capm.
445 1030 600 1092 xviii.

726 1030 974 1093 Tercius
1015 1042 1107 1093 est
1145 1043 1354 1107 rector,
1397 1031 1664 1095 animum
1709 1033 1813 1111 qui
1855 1034 2048 1096 tendit
2088 1037 2168 1096 ad
2209 1037 2434 1109 orbem,
2506 1038 2519 1050 “

641 1130 718 1190 In
759 1148 903 1190 cura
941 1129 1207 1191 residens
1249 1132 1396 1193 dum
1437 1141 1639 1192 manet
1680 1130 1809 1210 ipse
1850 1132 2057 1193 domi:

639 1228 826 1289 Nuda
867 1248 973 1289 sue
1013 1228 1155 1289 folia
1194 1249 1336 1290 cure
1377 1228 1505 1291 sine
1544 1230 1834 1291 fructibus
1875 1232 2061 1305 affert,

643 1326 810 1384 Dum
851 1324 980 1385 sine
1017 1327 1154 1387 luce
1195 1346 1404 1403 regens
1445 1328 1660 1388 stultus
1702 1326 2024 1388 obumbrat
2068 1348 2217 1389 earn.
2554 1350 2685 1401 1490

642 1422 916 1484 Predicat
954 1422 1084 1502 ipse
1123 1424 1308 1484 nichil
1348 1423 1578 1485 animas
1619 1426 1865 1498 saluare,
1910 1444 2023 1487 nec
2063 1446 2233 1503 egros

641 1518 896 1594 Visitat,·
917 1530 1022 1580 aut
1061 1519 1272 1600 inopes
1313 1530 1505 1582 tactus
1545 1540 1750 1581 amore
1790 1520 1992 1581 iuuat:

643 1619 752 1679 Est
792 1616 906 1679 sibi
946 1638 1176 1679 crassus
1217 1638 1382 1698 equs,
1426 1629 1726 1697 restatque
1767 1618 2026 1681 sciencia
2064 1640 2279 1695 macra,

643 1715 799 1775 Sella
838 1716 1057 1776 decora
1098 1735 1217 1794 que
1256 1736 1428 1777 mens
1468 1718 1608 1778 feda
1646 1728 1926 1794 perornat
1966 1737 2121 1777 eum.

644 1813 746 1873 Ad
787 1814 940 1874 latus
982 1822 1042 1873 et
1083 1832 1270 1873 comu
1313 1815 1554 1874 sufflans
1594 1812 1760 1891 gerit,
1804 1814 1964 1874 vnde
2005 1815 2345 1874 redundant

647 1910 848 1983 MonS‚
892 1930 1123 1983 nemu5‚
1167 1912 1327 1971 vnde
1367 1914 1536 1989 lepus
1577 1910 1704 1971 visa
1745 1908 1965 1987 pericla
2002 1908 2189 1988 fugit;

647 2007 784 2070 Oris
825 2008 888 2068 in
929 2008 1182 2069 ecclesia
1221 2020 1312 2069 set
1351 2030 1468 2069 vox
1508 2026 1616 2069 sua
1655 2018 1825 2068 muta
1864 2006 2132 2085 quiescit,

648 2107 744 2167 Ne
784 2108 950 2183 fugat
989 2126 1026 2166 a
1065 2106 1232 2167 viciis
1273 2105 1515 2167 sordida
1554 2107 1739 2167 corda
1778 2104 1984 2183 gregis.

649 2204 748 2265 Sic
787 2204 970 2279 caniS,
1014 2206 1093 2266 ad
1135 2216 1415 2283 questum
1457 2203 1561 2283 qui
1602 2206 1821 2266 clamat
1864 2201 1927 2263 in
1968 2222 2071 2265 ore
2112 2202 2291 2279 fideli,

650 2303 863 2365 Certus
905 2302 1153 2363 habebit
1193 2322 1268 2363 eo
1311 2301 1599 2382 quicquid
1639 2304 1861 2365 habere
1902 2301 2083 2375 velit3
2561 2322 2691 2373 1500

650 2402 754 2461 Set
793 2400 988 2475 miser,
1031 2402 1111 2462 ad
1152 2412 1352 2479 portas
1395 2400 1499 2479 qui
1540 2402 1759 2462 clamat
1801 2413 1861 2463 et
1903 2398 2129 2478 indiget
2170 2398 2337 2473 esciS,

652 2500 796 2559 Heu
823 2502 836 2559 l
892 2519 1090 2577 neque
1131 2499 1287 2559 mica
1327 2501 1502 2560 datur
1541 2520 1655 2561 nec
1695 2499 1892 2578 liquor
1919 2500 2070 2559 vllus
2111 2496 2183 2559 ei.

651 2596 710 2657 O
751 2598 918 2670 deus,
963 2594 1025 2655 in
1067 2593 1292 2673 quanta
1330 2594 1464 2656 talis
1505 2595 1614 2657 tibi
1655 2598 1835 2658 laude
1876 2605 2150 2667 meretur,

654 2694 822 2752 Dans
860 2691 1145 2753 alimenta
1184 2692 1336 2766 cani,
1380 2712 1500 2771 que
1540 2703 1718 2772 negat
1758 2692 1885 2772 ipse
1926 2692 2087 2752 viro!

731 2788 851 2849 Vix
891 2787 1005 2849 sibi
1044 2790 1195 2849 festa
1235 2788 1365 2850 dies
1406 2810 1572 2851 sacra
1612 2790 1706 2851 vel
1747 2788 1969 2850 ieiunia
2009 2790 2243 2861 tollunt,

652 2884 818 2963 Quin
860 2905 1072 2946 nemus
1111 2885 1177 2945 in
1218 2884 1467 2946 canibus
1509 2886 1717 2948 circuit
1757 2886 1887 2965 ipse
1928 2884 2085 2946 suis:

652 2986 896 3048 Clamor
935 2984 999 3043 in
1040 3002 1142 3044 ore
1183 3003 1418 3057 canum,
1463 2986 1612 3045 dum
1652 2985 2049 3046 vociferantur
2087 2982 2151 3044 in
2191 3000 2393 3056 vnum,

655 3084 766 3142 Est
805 3080 919 3141 sibi
960 3100 1267 3159 campana,
1313 3080 1580 3159 psallitur
1620 3083 1780 3143 vnde
1822 3082 1955 3141 deo,

656 3182 784 3242 Stat
825 3178 938 3240 sibi
980 3178 1161 3240 missa
1201 3178 1418 3253 breuiS,
1461 3178 1720 3241 deuocio
1759 3182 2058 3257 longaque
2098 3176 2343 3255 campis,

661 3277 802 3352 Quo
843 3274 956 3337 sibi
996 3287 1269 3336 cantores
1311 3277 1561 3355 deputat
1601 3296 1733 3337 esse
1774 3295 1989 3337 canes:
2475 3336 2483 3345 ,
2562 3296 2695 3345 1510

656 3371 756 3434 Sic
795 3374 965 3451 lepus
1007 3384 1066 3433 et
1107 3372 1301 3451 vulpis
1341 3383 1483 3433 sunt
1523 3392 1676 3451 quos
1717 3372 1906 3449 magis
1946 3372 2075 3450 ipse
2116 3369 2359 3448 requirit
2383 3390 2401 3445 3

659 3472 824 3531 Dum
865 3482 1038 3531 sonat
1079 3490 1182 3531 ore
1223 3472 1423 3545 deum,
1467 3480 1583 3531 stat
1623 3469 1740 3530 sibi
1780 3482 1981 3531 mente
2021 3471 2208 3548 lepus,

661 3566 760 3629 Sic
799 3566 982 3646 agitat
1021 3567 1214 3646 vulpis
1255 3570 1497 3645 vulpem
1539 3567 1745 3628 similis
1788 3566 2166 3644 similemque

660 3664 888 3741 Querit‚
931 3666 1078 3725 dum
1121 3664 1402 3725 iuuenem
1443 3664 1691 3725 deuorat
1732 3663 1859 3742 ipse
1899 3682 2175 3743 gregem3
2356 3744 2363 3748 υ

661 3764 820 3823 Nam
861 3781 1043 3840 vagus
1084 3763 1350 3840 explorat
1389 3761 1491 3822 vbi
1532 3771 1670 3822 sunt
1710 3762 1957 3841 pulchre
1999 3758 2276 3820 mulieres

661 3858 852 3919 Etatis
894 3869 1112 3931 tenere,
1158 3870 1362 3937 pascat
1401 3870 1464 3919 vt
1504 3858 1646 3919 inde
1687 3861 1944 3919 famem:

660 3956 824 4017 Talis
865 3956 1028 4017 enim
1069 3968 1262 4017 rector
1301 3956 1648 4017 mulieribus
1688 3955 2015 4028 insidiatur,

663 4056 838 4115 More
876 4053 1004 4132 lupi
1045 4054 1275 4114 clausas
1317 4051 1652 4114 circuientis
1693 4072 1856 4113 oues,

664 4155 830 4214 Dum
870 4152 1035 4213 videt
1074 4151 1204 4230 ipse
1245 4158 1466 4211 senem·
1493 4170 1781 4229 sponsum
1824 4168 2107 4228 sponsam
2147 4146 2565 4225 iuuenemque,

659 4252 838 4313 Tales
879 4251 993 4312 sub
1031 4270 1176 4311 cura
1213 4248 1410 4309 visitat
1448 4247 1576 4327 ipse
1617 4268 1762 4324 sua3
2576 4267 2703 4317 1520

662 4350 870 4428 Suplet
909 4348 996 4409 ibi
1035 4360 1229 4409 rector
1267 4344 1530 4423 regimen
1572 4344 1794 4423 sponsi,
1838 4365 1957 4424 que
1998 4346 2215 4407 decore

1043 4518 1173 4581 1498
1205 4517 1316 4568 Nec
1339 4498 1436 4567 CE'
1629 4518 1759 4579 1518
1790 4516 2104 4567 circueuntis
2126 4516 2170 4566 C

963 4612 970 4621 “
1553 4618 1590 4661 L
1622 4622 1652 4661 2
