3434 5142
883 420 1008 481 260

1584 414 1783 479 VOX
1838 412 2379 479 CLAMANTIS

1048 577 1352 655 Disceque
1391 586 1745 637 cunctorum
1786 576 1955 653 quod
1994 576 2071 636 sit
2110 573 2449 635 communis
2490 572 2671 651 origO,

1047 674 1232 737 Ortus
1271 684 1332 735 et
1371 692 1618 735 ocmsus
1659 694 1829 748 vnus,
1870 684 1933 735 et
1972 692 2091 735 vna
2128 690 2287 735 enro-
2958 694 3098 731 1020

1029 770 1286 835 ‚Nobilis
1325 782 1416 832 est
1455 772 1674 833 mentis
1713 773 1987 850 quisquis
2026 771 2241 832 virtute
2280 769 2544 847 refulget,

1047 872 1324 949 Degener
1364 881 1456 933 est
1495 871 1658 932 solus
1699 872 1799 931 cui
1840 870 1999 931 mala
2038 871 2159 931 vita
2198 868 2433 946 placet3

1044 970 1250 1030 Mores
1291 987 1554 1046 namque
1591 968 1789 1031 bonos
1828 978 2141 1031 veneratur
2178 968 2341 1027 curia
2378 966 2511 1041 celi,

1042 1070 1121 1128 Et
1161 1068 1360 1129 celum
1399 1069 1606 1142 iustus,
1649 1086 1773 1129 non
1812 1085 2153 1144 generosus,
2196 1064 2395 1126 habet.

1041 1166 1193 1226 Esto
1233 1184 1480 1239 memor,
1523 1166 1690 1243 quod
1730 1166 1921 1225 fratris
1960 1183 2130 1225 amor
2168 1161 2279 1223 tibi
2320 1172 2539 1223 cuncta
2576 1162 2887 1235 ministrat,

1043 1264 1286 1341 Datque
1325 1260 1436 1322 tibi
1477 1263 1640 1323 solus
1681 1263 1885 1323 omnia
1924 1262 2115 1323 stati-is
2152 1278 2355 1322 amor:

1041 1362 1259 1421 Fratris
1295 1379 1468 1421 amor
1505 1362 1716 1421 transit
1756 1372 2003 1433 terrena,
2048 1378 2305 1437 superna
2344 1359 2662 1437 resumptis

1041 1459 1284 1519 Viribus
1325 1460 1610 1533 ascendit,
1653 1470 1808 1520 astra
1848 1459 2177 1537 polumque
2216 1458 2399 1537 petit:

1044 1558 1468 1636 Noticiarnque
1507 1556 1608 1619 dei
1649 1558 1797 1618 dum
1837 1557 2048 1634 querit,
2091 1556 2171 1617 ad
2210 1566 2365 1616 astra
2405 1554 2605 1616 volare

1035 1658 1186 1716 Non
1228 1656 1416 1729 timet,
1459 1666 1522 1716 vt
1562 1655 1762 1716 videat
1802 1656 1935 1733 quis
1976 1655 2127 1716 deus
2167 1656 2296 1732 ipse
2336 1655 2515 1732 Syon,
2951 1677 3087 1727 1030

1043 1754 1196 1829 Quis
1237 1772 1337 1815 rex
1377 1754 1685 1814 inmensus
1726 1763 1789 1813 et
1826 1770 1947 1830 que
1986 1752 2062 1812 sit
2100 1750 2251 1813 visio
2289 1752 2471 1829 pacis,

1040 1852 1196 1927 Quis
1236 1869 1310 1913 ve
1351 1851 1520 1912 locus
1561 1852 1692 1925 celi,
1736 1850 1923 1928 gloria
1962 1860 2187 1929 quanta
2225 1848 2345 1910 dei.

1041 1951 1168 2011 Ista
1208 1949 1428 2011 decent
1467 1966 1668 2027 regem
1708 1948 2001 2023 meditari,
2038 1948 2122 2008 sit
2162 1948 2329 2026 quod
2368 1948 2433 2007 in
2466 1946 2587 2009 illis

1038 2046 1264 2124 Apcior
1303 2056 1366 2107 vt
1405 2047 1616 2109 reddat
1655 2044 1863 2108 debita
1902 2045 2030 2107 iura
2070 2046 2206 2108 deo·

1037 2146 1306 2206 Noscere
1346 2155 1408 2205 te
1447 2146 1690 2206 studens
1731 2156 1793 2206 et
1832 2164 2031 2205 amare
2072 2144 2272 2218 deum,
2318 2144 2442 2205 duo
2483 2161 2747 2221 namque

1037 2244 1178 2304 Hec
1219 2253 1375 2319 sunt,
1418 2263 1540 2321 que
1581 2242 1709 2319 tibi,
1753 2262 1871 2317 rex,
1914 2243 2065 2304 scire
2106 2260 2352 2305 necesse
2392 2240 2575 2303 iubet.

1037 2342 1178 2402 Hec
1217 2351 1309 2401 est
1349 2342 1630 2402 condicio
1671 2340 1787 2401 sub
1828 2360 1949 2419 qua
1988 2340 2097 2401 tibi
2138 2322 2391 2401 cont‘ulit
2424 2356 2565 2400 -esse

1033 2438 1422 2516 Viuendique
1459 2439 1709 2499 modum
1751 2438 2027 2501 conditor
2066 2437 2194 2517 ipse
2234 2446 2389 2497 tuus.

939 2633 1058 2689 Hic
1080 2634 1361 2703 loquitur
1391 2635 1733 2689 secundum
1754 2634 2120 2690 Salonumis
2143 2633 2621 2704 experientiam,
2647 2633 2813 2701 quod
2836 2635 3075 2690 ceta-is

867 2721 1212 2777 virtutibus
1243 2720 1327 2779 ad
1357 2722 1537 2791 regni
1565 2722 2065 2791 gubernaculum
2102 2722 2387 2791 pre-ualet
2422 2721 2767 2789 sapiencia,
2796 2736 2919 2793 que
2950 2722 3077 2777 deo

867 2812 935 2865 et
967 2810 1324 2867 hominibus
1360 2826 1574 2881 regem
1607 2812 1819 2881 magis
1854 2810 2060 2867 reddit
2095 2810 2569 2879 acceptabilem.

661 2930 866 3006 Capm.
896 2950 987 2991 xv.

1115 2930 1174 2993 O
1213 2932 1314 3009 pie
1352 2951 1454 2993 rex
1494 2932 1746 3006 iuueniS‚
1788 2930 2038 2993 iuuenili
2076 2930 2224 3011 quid
2262 2929 2573 2993 Salomoni

1032 3029 1299 3109 Contigit
1339 3030 1603 3105 intende,
1647 3031 1729 3091 sis
1770 3049 2001 3094 memor
2035 3032 2199 3091 vnde
2232 3028 2365 3091 tui:
2940 3053 3077 3101 1040

1033 3128 1158 3187 Hic
1200 3127 1292 3188 bis
1325 3146 1436 3191 sex
1475 3146 1624 3207 puer
1661 3147 1957 3189 annorum
1998 3146 2137 3189 cum
2180 3146 2347 3188 sacra
2386 3126 2649 3190 dedisset

1033 3226 1214 3285 Dona
1253 3225 1389 3299 dec,
1432 3224 1648 3286 meruit
1689 3237 1869 3289 nocte
1910 3226 2111 3287 videre
2154 3225 2374 3287 deumt

1029 3322 1233 3397 Quem
1263 3322 1426 3383 deus
1464 3322 1802 3401 alloquitur,
1849 3326 1866 3356 ‘
1883 3325 2031 3385 Pete
2071 3323 2238 3399 quod
2280 3322 2367 3382 vis
2408 3321 2664 3396 munuS,’
2704 3330 2769 3383 et
2802 3319 3001 3399 inquit

1030 3421 1159 3493 Ille,
1208 3423 1224 3452 ‘
1242 3422 1391 3481 Peto
1432 3439 1692 3495 sensum,
1739 3439 1863 3498 quo
1905 3439 2041 3481 mea
2082 3438 2265 3498 regna
2306 3419 2544 3497 regam!

1025 3518 1222 3594 Regia
1263 3517 1476 3580 diuino
1518 3520 1869 3596 placuerunt
1908 3518 2091 3579 verba
2130 3518 2337 3590 fauori,

1027 3615 1534 3691 Responsumque
1575 3616 1727 3675 deus
1768 3615 2029 3676 reddidit
2070 3615 2230 3675 istud
2272 3614 2329 3674 ei
2342 3636 2365 3675 s

1025 3715 1046 3745 ⁴
1063 3712 1124 3773 N
1126 3732 1206 3772 on
1248 3714 1447 3790 plures
1486 3731 1680 3773 annos
1721 3732 1835 3773 nec
1876 3732 2023 3791 opes
2065 3730 2179 3774 nec
2210 3710 2297 3773 -ab
2332 3712 2513 3773 hoste
2552 3710 2885 3790 triumphos

1026 3808 1310 3885 Quesisti‚
1354 3810 1571 3871 dentur
1611 3828 1733 3889 que
1772 3812 1927 3889 petis
1968 3829 2110 3889 ergo
2150 3810 2298 3871 tibi:

1027 3908 1084 3967 N
1090 3926 1173 3968 on
1211 3908 1408 3969 solum
1449 3907 1702 3986 sapienS,
1748 3918 1839 3969 set
1880 3908 2053 3969 diues
2094 3907 2209 3969 eris
2250 3926 2428 3985 super
2470 3924 2703 3983 omnes,

1027 4005 1200 4080 Quos
1241 4007 1450 4067 habuit
1493 4007 1773 4081 mundus,
1817 4026 1971 4086 quos
2012 4007 2107 4068 vel
2150 4006 2371 4069 babere
2412 4007 2645 4083 potest)
2936 4026 3069 4081 1050

1105 4102 1164 4165 Ο
1205 4102 1361 4167 bene
1403 4106 1452 4164 si
1493 4106 1757 4182 speculo,
1800 4124 1920 4180 rex,
1965 4115 2025 4165 te
2067 4104 2388 4183 speculeris
2430 4104 2494 4164 in
2534 4103 2669 4177 isto,

1020 4199 1191 4276 Quid
1231 4201 1418 4277 magis
1461 4203 1785 4278 expediens
1826 4200 1901 4263 sit
1938 4200 2051 4263 tibi
2084 4202 2242 4263 scire
2282 4212 2470 4277 potes,

1023 4298 1164 4359 Hiis
1205 4308 1407 4357 tamen
1449 4298 1735 4375 exemplis
1778 4310 1941 4378 patet
1982 4310 2043 4359 vt
2084 4297 2383 4376 sapiencia
2423 4296 2576 4375 regis

1018 4396 1118 4458 Ad
1162 4396 1425 4475 regimen
1467 4397 1660 4476 plebis
1701 4408 1793 4458 est
1832 4397 2179 4459 adhibenda
2218 4396 2397 4475 prius.
