3434 5142
1128 488 1415 554 LIBER
1474 489 1908 568 QUINTUS
2234 451 2238 458 ’
2491 509 2614 572 225

580 651 724 712 Non
766 660 968 712 tamen
1010 648 1072 710 in
1112 667 1289 710 cursu
1332 649 1400 710 fit
1440 651 1629 728 magis
1668 647 1812 712 inde
1851 650 2046 712 celer:

578 750 871 809 Indoctus
913 766 1034 826 que
1072 748 1237 809 rudis
1278 765 1393 808 nec
1433 747 1620 809 homo
1660 757 1922 808 mutatur
1961 749 2206 824 honore,

579 846 939 908 Rusticitate
980 865 1091 908 sua
1130 847 1278 924 quin
1320 847 1509 924 magis
1548 863 1723 923 asper
1763 847 1890 908 erit.
2517 853 2617 906 860

575 943 845 1004 Coruum
887 944 1137 1021 perfidie
1176 945 1509 1020 dampnant
1548 944 1829 1004 animalia
1868 962 2126 1024 queque,

574 1042 673 1102 Sic
714 1051 806 1102 est
844 1042 923 1103 de
963 1042 1099 1102 ciue
1140 1040 1245 1119 qui
1284 1052 1403 1102 stat
1443 1043 1506 1101 in
1544 1041 1690 1102 vrbe
1732 1042 1922 1102 male:

576 1140 871 1215 Quamuis
912 1159 1040 1200 sors
1080 1139 1256 1200 fallax
1296 1139 1604 1201 hominem
1645 1139 1777 1200 sine
1817 1139 2086 1202 moribus
2125 1138 2270 1202 vrbe

576 1239 893 1315 Preponat,
938 1239 1073 1316 quis
1112 1238 1191 1298 sit
1230 1238 1439 1299 vltima
1478 1238 1637 1298 fama
1678 1237 1864 1299 dabit.

654 1337 763 1395 Vir
802 1337 995 1396 malus
1036 1344 1127 1396 est
1167 1335 1483 1396 hominum
1522 1336 1850 1397 multorum
1890 1353 2036 1414 sepe
2075 1335 2389 1414 flagellum,

576 1434 775 1510 Quem
819 1433 971 1494 deus
1010 1433 1091 1494 ad
1130 1443 1367 1512 tempus
1406 1434 1578 1512 plura
1618 1451 1864 1494 mouere
1903 1433 2080 1495 sinit:

575 1533 724 1593 Fine
764 1547 969 1594 tamen
1008 1533 1249 1611 proprio
1288 1533 1468 1610 capiti
1510 1533 1668 1594 mala
1708 1541 1928 1594 cuncta
1967 1532 2244 1607 refundit,

573 1631 713 1706 Que
752 1631 895 1692 foris
935 1632 999 1691 in
1039 1631 1266 1709 populo
1302 1631 1524 1692 fecerat
1564 1631 1694 1707 ipse
1733 1631 1912 1708 prius,

572 1728 746 1789 Mille
786 1729 971 1790 cados
1012 1729 1130 1790 olei
1170 1730 1388 1807 premit
1428 1729 1601 1789 vncia
1640 1728 1770 1791 sola
1810 1729 2044 1804 veneni,

570 1826 747 1886 Solus
788 1827 1064 1888 millenos
1105 1827 1195 1887 vir
1232 1827 1424 1887 malus
1464 1838 1647 1904 atque
1686 1826 1922 1888 bonos:
2513 1837 2613 1901 870

570 1923 805 2001 Ignitus
845 1922 1027 1986 carbo
1067 1925 1265 2001 plures
1306 1925 1582 2002 producit
1621 1925 1683 1984 in
1727 1925 1944 2002 ignem,

570 2021 671 2082 Sic
710 2023 868 2082 mala
909 2023 1097 2082 multa
1136 2023 1293 2095 facit,
1337 2039 1463 2099 quo
1501 2031 1706 2082 manet
1745 2021 1890 2099 ipse,
1934 2021 2162 2083 malus:

567 2120 735 2181 Talis
775 2121 936 2200 enim
980 2137 1277 2181 summam
1316 2119 1493 2179 fuerit
1534 2137 1673 2179 cum
1714 2137 1964 2180 scansus
2003 2119 2065 2178 in
2106 2137 2322 2194 arcem,

566 2217 761 2295 Spirat
802 2228 861 2279 et
903 2218 1153 2295 imperio
1194 2215 1451 2278 subdere
1490 2225 1710 2277 cuncta
1750 2234 1876 2290 suo,

568 2316 833 2376 Vertitur
872 2333 1015 2376 ecce
1054 2325 1201 2388 rota,
1246 2315 1407 2392 prius
1448 2325 1509 2375 et
1547 2315 1651 2392 qui
1692 2315 1908 2375 celsior
1945 2313 2105 2375 vrbis

569 2397 805 2488 Extitit‚
844 2413 1085 2474 inferior
1124 2412 1409 2474 omnibus
1448 2413 1579 2491 ipse
1618 2413 1796 2474 cadit.
1867 2455 1873 2461 -

569 2512 755 2572 Fraus
798 2512 1006 2572 florere
1045 2519 1257 2589 potest,
1302 2519 1393 2572 set
1431 2511 1786 2572 fructificare
1827 2510 2118 2588 nequibit,

567 2610 628 2671 N
630 2628 701 2670 ec
741 2627 849 2670 sua
888 2609 1117 2670 radices
1156 2610 1423 2687 plantula
1460 2611 1656 2670 firmat
1695 2610 1920 2671 humo:

569 2706 693 2767 Res
734 2706 949 2784 probat
988 2708 1049 2766 in
1092 2707 1229 2782 fine,
1272 2726 1410 2782 cum
1452 2707 1588 2785 quis
1626 2708 1985 2768 tumefactus
2023 2725 2202 2768 auare

569 2805 648 2866 Se
688 2805 857 2866 dabit
898 2806 959 2864 in
1002 2807 1286 2883 precium,
1330 2825 1455 2866 non
1498 2807 1625 2867 fore
1664 2806 1890 2884 grande
1929 2807 2178 2866 lucrum.
2507 2814 2607 2866 880

568 2903 843 2981 Quisque
880 2905 1039 2964 valet
1079 2905 1326 2982 speculo
1366 2905 1509 2965 satis
1548 2905 1662 2964 ista
1702 2904 1906 2965 videre
1945 2904 2257 2977 moderno,

566 3001 683 3060 Vix
722 3010 926 3062 tamen
966 3013 1057 3062 est
1097 3003 1351 3079 sapiens,
1395 3003 1501 3079 qui
1540 3010 1715 3062 oeuet
1755 3012 1890 3062 acta
1929 3002 2159 3063 videns,

473 3235 594 3294 Hic
616 3238 893 3308 loquitur
916 3239 1117 3295 eclam
1142 3239 1220 3294 de
1244 3238 1381 3293 ciue
1408 3237 1540 3305 illo,
1564 3238 1669 3307 qui
1689 3237 2023 3306 unguo-uu
2047 3242 2114 3294 et
2136 3237 2411 3294 Susurro
2434 3240 2603 3297 inter

404 3325 700 3383 concines
738 3327 1089 3382 seminator
1130 3325 1583 3381 discordiarum
1620 3325 1861 3381 existit.
1930 3323 2240 3395 Loquitur
2279 3326 2358 3384 de
2398 3328 2604 3383 varii·

404 3414 607 3470 eciam
642 3416 939 3483 periculis
975 3415 1313 3470 occasione
1349 3415 1561 3482 lingue
1596 3414 1764 3468 mele
1798 3414 2333 3482 contingentibus.

170 3539 377 3615 Capru.
410 3537 523 3598 xvi.
649 3539 815 3597 Dum
857 3536 1108 3598 Susurro
1148 3545 1352 3596 manet
1392 3546 1453 3596 et
1491 3534 1579 3594 vir
1618 3534 1924 3614 linguosus
1965 3536 2028 3594 in
2071 3534 2232 3610 vrbe,

564 3634 765 3696 Plebis
807 3635 869 3694 in
912 3633 1300 3712 obprobrium
1342 3633 1623 3693 scandala
1662 3633 1832 3710 plura
1873 3642 2116 3708 mouet;

562 3735 723 3793 Nam
764 3733 1071 3811 linguosus
1112 3731 1297 3791 homo
1338 3731 1600 3808 reliquos
1639 3730 1800 3791 velut
1840 3730 2023 3790 altera
2062 3729 2247 3808 pestis

563 3831 757 3903 Ledit,
800 3841 859 3891 et
900 3841 962 3890 vt
1002 3829 1179 3889 turbo
1219 3847 1362 3907 sepe
1402 3839 1646 3906 repente
1686 3837 1884 3888 nocet.

559 3929 665 3990 Set
705 3929 846 4005 quia
885 3927 1086 4004 lingua
1126 3926 1283 3986 mala
1324 3926 1555 3987 mundo
1595 3926 1790 3986 scelus
1831 3943 2014 3986 omne
2053 3924 2363 4000 ministrat,

562 4027 701 4102 Que
742 4026 854 4086 sibi
898 4035 1038 4086 sunt
1077 4025 1231 4085 vires
1271 4025 1471 4085 dicere
1511 4024 1698 4085 tendo
1738 4042 1968 4100 graues.

561 4125 793 4202 Lingua
832 4133 1039 4184 mouet
1077 4122 1227 4195 lites,
1270 4121 1345 4182 lis
1383 4123 1583 4198 prelia,
1626 4121 1812 4199 prelia
1850 4119 2106 4198 plebem,

560 4221 739 4283 Plebs
777 4221 1023 4300 gladios
1066 4219 1247 4298 gladii
1288 4219 1581 4294 scismata,
1624 4218 1842 4280 scisma
1881 4237 2130 4294 necem3
2493 4231 2597 4296 890

458 4403 562 4465 876
591 4405 741 4453 cadet
760 4401 851 4453 (ΣΕ
1012 4401 1107 4450 881
1143 4399 1275 4462 Quis
1298 4399 1438 4449 valet
1458 4399 1511 4448 in
1531 4398 1749 4462 speculo
1774 4399 1821 4448 D
1885 4398 2138 4464 Quisquis
2154 4401 2293 4452 valet
2313 4400 2526 4466 speculo
2552 4402 2594 4452 L

462 4480 590 4543 Cap.
616 4481 722 4532 xvi.
741 4479 988 4545 Heading
1016 4495 1049 4529 ο
1064 4478 1097 4532 f.
1130 4478 1294 4529 eciam
1317 4478 1385 4529 de
1404 4477 1563 4528 variis
1586 4477 1732 4529 EDL

479 4561 627 4596 *υ*
1468 4577 1511 4632 Q
