3434 5142
723 461 839 523 ῳ
1425 438 1624 504 vox
1679 437 2221 505 CLAMANTIS

881 603 1012 661 Iam
1054 611 1236 674 vorat,
1282 611 1344 662 et
1383 600 1688 679 proprium
1733 600 1943 679 predat
1982 597 2144 660 ouile
2186 617 2405 659 suum:

880 699 980 760 Sic
1019 700 1178 760 ferus
1219 711 1283 760 vt
1323 698 1505 760 iudex
1543 697 1837 777 agitamus
1876 698 2037 759 secla
2077 716 2185 775 per
2226 696 2445 776 ignem,

882 795 1242 875 Purgatique
1283 796 1472 875 magis
1511 796 1627 857 eris
1669 796 1967 856 habemus
2004 814 2168 874 opes.

881 896 1126 957 Vendat
1165 893 1328 957 enim
1371 893 1637 955 tunicam
1677 892 1793 955 sibi
1836 895 2028 955 clerus
2072 904 2133 955 et
2175 892 2317 953 hinc
2358 904 2522 955 emat
2564 912 2789 967 ensem,

883 994 1094 1056 Cesset
1133 1002 1195 1054 et
1233 1012 1272 1053 a
1311 991 1492 1053 sacris
1531 990 1785 1069 quilibet
1824 992 1977 1052 ordo
2016 991 2175 1052 suis:
2820 1016 2923 1067 930

880 1091 1128 1151 Nomen
1165 1100 1228 1151 et
1267 1089 1332 1150 in
1373 1089 1540 1150 terris
1579 1088 1666 1150 sic
1705 1100 1977 1150 nostrum
2018 1088 2488 1168 magnificemuS,

879 1190 963 1247 Vt
1004 1187 1254 1249 timeant
1287 1186 1388 1248 alii
1429 1186 1588 1249 bella
1625 1188 1823 1248 futura
1862 1185 1995 1247 sibi.

882 1285 1014 1345 Iam
1055 1285 1366 1365 pastoralis
1406 1284 1656 1346 baculus
1697 1295 1955 1345 vertetur
1993 1283 2057 1345 in
2098 1286 2348 1358 hastam,
2402 1344 2407 1349 .

879 1382 1066 1443 Mitra
1107 1386 1171 1443 fit
1212 1383 1274 1443 in
1313 1386 1564 1462 galeam,
1607 1402 1723 1461 pax
1762 1382 1879 1443 ruit
1919 1382 2103 1460 inque
2142 1402 2396 1443 necem:

881 1480 1004 1557 Qui
1045 1481 1329 1559 prodesse
1359 1480 1510 1541 'velit
1551 1478 1752 1559 prosit,
1796 1500 1938 1539 nam
1980 1498 2093 1540 nos
2132 1498 2311 1558 super
2356 1500 2568 1541 omnes

879 1578 1128 1640 Preferri
1167 1579 1460 1652 volumuS,
1503 1588 1694 1655 gestet
1732 1588 1794 1639 et
1832 1579 1981 1638 alter
2019 1596 2191 1639 onus,

965 1680 980 1708 ‘
996 1674 1097 1736 Sic
1137 1695 1265 1749 nOS,
1311 1673 1415 1753 qui
1455 1674 1675 1735 summi
1715 1686 2023 1753 portamus
2065 1675 2313 1736 nomina
2350 1674 2511 1750 cleri,

879 1774 1080 1835 Corde
1121 1773 1307 1851 magis
1349 1772 1478 1835 ceci
1518 1772 1797 1833 duximus
1838 1792 2005 1834 asma
2042 1772 2251 1851 sequi:

878 1870 1184 1949 Quicquid
1225 1883 1403 1949 agant
1441 1869 1658 1944 anime,
1703 1890 1817 1931 nos
1858 1872 2116 1933 subdere
2155 1890 2406 1951 corpora
2445 1872 2659 1933 mundi

875 1969 1225 2042 TendimuS,
1271 1980 1332 2031 et
1372 1968 1549 2031 nobis
1590 1971 1686 2031 lex
1727 1968 1987 2047 positiua
2025 1971 2227 2047 fauet;
2816 1994 2916 2045 940

875 2068 1037 2126 Nam
1078 2066 1217 2128 licet
1257 2086 1331 2127 ex
1368 2068 1537 2145 glosa
1574 2065 1841 2145 gladium
1883 2068 2049 2145 quod
2092 2078 2289 2127 sumat
2328 2078 2667 2146 vtrumque,

877 2166 1019 2239 Quo
1059 2166 1206 2225 ferat
1246 2174 1486 2225 extenta
1525 2163 1755 2237 bellica,
1798 2174 2004 2225 nostra
2044 2184 2275 2225 manus·

877 2263 1037 2339 Ergo
1078 2262 1265 2340 magis
1306 2273 1566 2339 pauoent
1606 2281 1819 2322 omnes
1861 2260 2145 2323 dedicere
2185 2261 2383 2336 uobis,

876 2360 952 2418 In
993 2379 1249 2437 quorum
1295 2359 1465 2421 bellis
1507 2379 1576 2420 os
1615 2359 1751 2421 ferit
1790 2370 1973 2437 atque
2015 2379 2245 2421 manus.
2318 2384 2323 2388 ·

872 2462 1159 2520 Attamen
1199 2460 1280 2520 ad
1321 2477 1533 2536 pacem
1573 2469 1839 2519 nostram
1882 2457 2254 2536 suscepimus
2295 2478 2510 2519 omnes

875 2556 1220 2618 Barbaricas
1260 2569 1486 2635 gentes,
1530 2576 1608 2617 ne
1647 2554 1981 2617 cruciemur
2021 2556 2147 2617 eis:

871 2655 1104 2717 Contra
1143 2654 1486 2717 Cristicolas
1527 2654 1936 2733 pretendimus
1976 2674 2142 2715 arma
2182 2673 2442 2728 mouere,

879 2752 1001 2829 Qui
1043 2754 1230 2815 modo
1271 2764 1411 2815 sunt
1449 2752 1579 2815 ausi
1619 2752 1716 2813 vix
1758 2774 1867 2815 sua
1908 2752 2037 2813 iura
2077 2752 2261 2832 loqui.

873 2850 1220 2911 Auriculam
1263 2854 1472 2913 Petrus
1511 2851 1786 2925 abscidit,
1830 2853 2047 2912 vulnus
2090 2862 2151 2912 et
2190 2850 2341 2912 illud

875 2950 1100 3009 Sanum
1142 2949 1394 3011 restituit
1435 2949 1666 3013 Cristus
1705 2961 1771 3011 vt
1808 2963 1952 3011 ante
1992 2949 2147 3026 fuit;
2814 2974 2917 3026 950

875 3050 1096 3108 Nostra
1137 3059 1226 3109 set
1267 3047 1354 3109 ira
1393 3052 1575 3128 caput
1611 3051 1821 3123 aufert,
1864 3069 1989 3127 quo
2028 3051 2274 3111 vulnere
2314 3050 2547 3110 nullum

875 3145 1176 3206 Nouimus
1215 3145 1280 3205 in
1322 3165 1535 3207 sanum
1575 3157 1713 3225 post
1752 3146 2024 3207 reuenire
2064 3156 2301 3207 statum.

872 3244 984 3304 Est
1024 3241 1200 3321 >igitur
1239 3243 1398 3305 Petri
1440 3243 1631 3306 maior
1667 3243 1977 3305 sentencia
2015 3255 2235 3319 nostra,

873 3344 953 3402 Et
993 3340 1226 3419 gladius
1267 3353 1470 3402 noster
1507 3342 1727 3403 forcior
1767 3362 1911 3404 ense
1953 3344 2101 3402 suo!

871 3440 970 3501 Sic
1011 3439 1206 3501 differt
1248 3441 1532 3503 Clemens
1571 3460 1737 3501 nunc
1776 3460 1815 3501 a
1854 3442 2151 3501 clemente
2194 3449 2459 3513 vocatuS,

873 3538 1045 3597 Errat
1083 3548 1144 3599 et
1185 3539 1496 3616 Acephalo
1541 3537 1791 3599 nomine
1828 3557 2055 3599 nornen
2096 3536 2343 3598 habens,

773 3773 893 3827 Hic
930 3774 1202 3842 loquitur
1245 3774 1320 3829 de
1363 3774 1632 3842 prelatis
1675 3773 1822 3838 illis,
1866 3774 1972 3843 qui
2012 3788 2244 3829 nomen
2284 3775 2577 3827 sanctum
2616 3772 2742 3827 sibi
2784 3788 2909 3841 pte·

701 3864 974 3924 sumunt,
1000 3862 1418 3930 appropriant
1447 3866 1661 3917 tamen
1697 3863 1819 3917 sibi
1853 3865 2129 3928 terrena,
2154 3874 2274 3916 nec
2308 3861 2456 3917 allis
2489 3860 2639 3916 inde
2662 3860 2911 3929 partici-

704 3948 916 4014 pando
943 3962 1023 4002 ex
1048 3948 1316 4003 caritate
1341 3949 1745 4005 subuenlunt.

522 4070 716 4144 Capm.
749 4068 822 4128 xi.
949 4070 1230 4147 AngeluS‚
1275 4081 1339 4130 vt
1377 4069 1606 4147 legitur,
1651 4081 1860 4131 sancto
1901 4071 2266 4148 quandoque
2309 4068 2567 4129 Iohanni

871 4165 1054 4239 Dixit,
1099 4186 1358 4245 cumque
1400 4170 1622 4227 cadens
1663 4170 1811 4228 alter
1850 4168 2059 4227 adorat
2100 4186 2257 4240 eum,

872 4271 886 4296 ‘
907 4266 1003 4325 Tu
1046 4262 1245 4338 michi,
1292 4284 1462 4326 serue
1505 4262 1619 4338 dei,
1665 4265 1868 4325 videas
1910 4285 1988 4325 ne
2030 4264 2237 4327 feceris
2280 4264 2444 4339 illud,

1619 4445 1721 4493 934
1754 4438 1870 4481 ruet
1892 4430 1991 4481 CH
