<?xml version="1.0" encoding="UTF-8"?>
<!DOCTYPE html PUBLIC "-//W3C//DTD XHTML 1.0 Transitional//EN"
    "http://www.w3.org/TR/xhtml1/DTD/xhtml1-transitional.dtd">
<html xmlns="http://www.w3.org/1999/xhtml" xml:lang="en" lang="en">
 <head>
  <title>
</title>
<meta http-equiv="Content-Type" content="text/html;charset=utf-8" />
  <meta name='ocr-system' content='tesseract 3.04.00' />
  <meta name='ocr-capabilities' content='ocr_page ocr_carea ocr_par ocr_line ocrx_word'/>
</head>
<body>
  <div class='ocr_page' id='page_1' title='image "./completeworksjo01macagoog_0205.png"; bbox 0 0 3434 5142; ppageno 0'>
   <div class='ocr_carea' id='block_1_1' title="bbox 1206 452 2665 536">
    <p class='ocr_par' dir='ltr' id='par_1_1' title="bbox 1206 452 2665 536">
     <span class='ocr_line' id='line_1_1' title="bbox 1206 452 2665 536; baseline 0 -20"><span class='ocrx_word' id='word_1_1' title='bbox 1206 453 1489 517; x_wconf 82' lang='lat' dir='ltr'><strong>LIBER</strong></span> <span class='ocrx_word' id='word_1_2' title='bbox 1552 452 1965 517; x_wconf 81' lang='lat' dir='ltr'><strong>TERcms</strong></span> <span class='ocrx_word' id='word_1_3' title='bbox 2550 474 2665 536; x_wconf 86' lang='lat'><strong>115</strong></span> 
     </span>
    </p>
   </div>
   <div class='ocr_carea' id='block_1_2' title="bbox 504 611 2665 4415">
    <p class='ocr_par' dir='ltr' id='par_1_2' title="bbox 504 611 2665 4415">
     <span class='ocr_line' id='line_1_2' title="bbox 569 611 2271 695; baseline -0.003 -19"><span class='ocrx_word' id='word_1_4' title='bbox 569 688 576 695; x_wconf 26' lang='grc' dir='ltr'>ι</span> <span class='ocrx_word' id='word_1_5' title='bbox 629 616 842 676; x_wconf 88' lang='lat' dir='ltr'><strong>‘Virus</strong></span> <span class='ocrx_word' id='word_1_6' title='bbox 883 615 946 674; x_wconf 90' lang='lat' dir='ltr'><strong>in</strong></span> <span class='ocrx_word' id='word_1_7' title='bbox 989 614 1240 675; x_wconf 89' lang='lat' dir='ltr'><strong>ecclesia</strong></span> <span class='ocrx_word' id='word_1_8' title='bbox 1282 614 1493 675; x_wconf 86' lang='lat' dir='ltr'><strong>seritur</strong></span> <span class='ocrx_word' id='word_1_9' title='bbox 1532 613 1731 687; x_wconf 88' lang='lat' dir='ltr'><strong>nunc‚’</strong></span> <span class='ocrx_word' id='word_1_10' title='bbox 1772 612 2019 690; x_wconf 82' lang='lat' dir='ltr'><strong>angelus</strong></span> <span class='ocrx_word' id='word_1_11' title='bbox 2060 611 2271 690; x_wconf 89' lang='lat' dir='ltr'><strong>inquit,</strong></span> 
     </span>
     <span class='ocr_line' id='line_1_3' title="bbox 629 710 2043 787; baseline -0.002 -15"><span class='ocrx_word' id='word_1_12' title='bbox 629 714 882 774; x_wconf 88' lang='lat' dir='ltr'><strong>‘Terrea</strong></span> <span class='ocrx_word' id='word_1_13' title='bbox 921 712 1070 773; x_wconf 88' lang='lat' dir='ltr'><strong>dum</strong></span> <span class='ocrx_word' id='word_1_14' title='bbox 1113 712 1327 773; x_wconf 89' lang='lat' dir='ltr'><strong>mundi</strong></span> <span class='ocrx_word' id='word_1_15' title='bbox 1368 712 1435 772; x_wconf 86' lang='lat' dir='ltr'><strong>fit</strong></span> <span class='ocrx_word' id='word_1_16' title='bbox 1476 712 1695 773; x_wconf 88' lang='lat' dir='ltr'><strong>domus</strong></span> <span class='ocrx_word' id='word_1_17' title='bbox 1738 712 1865 787; x_wconf 90' lang='lat' dir='ltr'><strong>ipsa</strong></span> <span class='ocrx_word' id='word_1_18' title='bbox 1906 710 2043 771; x_wconf 70' lang='lat' dir='ltr'><strong>dei!</strong></span> 
     </span>
     <span class='ocr_line' id='line_1_4' title="bbox 624 808 2124 887; baseline -0.004 -14"><span class='ocrx_word' id='word_1_19' title='bbox 624 813 723 873; x_wconf 91' lang='lat' dir='ltr'><strong>Sic</strong></span> <span class='ocrx_word' id='word_1_20' title='bbox 764 812 876 871; x_wconf 86' lang='lat' dir='ltr'><strong>fuit</strong></span> <span class='ocrx_word' id='word_1_21' title='bbox 915 820 980 872; x_wconf 83' lang='lat' dir='ltr'><strong>vt</strong></span> <span class='ocrx_word' id='word_1_22' title='bbox 1019 810 1184 883; x_wconf 84' lang='lat' dir='ltr'><strong>dixit,</strong></span> <span class='ocrx_word' id='word_1_23' title='bbox 1227 821 1548 887; x_wconf 84' lang='lat' dir='ltr'>postquam</span> <span class='ocrx_word' id='word_1_24' title='bbox 1589 809 1893 886; x_wconf 85' lang='lat' dir='ltr'><strong>possessio</strong></span> <span class='ocrx_word' id='word_1_25' title='bbox 1933 808 2124 868; x_wconf 89' lang='lat' dir='ltr'><strong>creuit</strong></span> 
     </span>
     <span class='ocr_line' id='line_1_5' title="bbox 626 907 2665 988; baseline -0.001 -18"><span class='ocrx_word' id='word_1_26' title='bbox 626 911 702 970; x_wconf 88' lang='lat' dir='ltr'><strong>In</strong></span> <span class='ocrx_word' id='word_1_27' title='bbox 743 910 1050 988; x_wconf 87' lang='lat' dir='ltr'><strong>proprium</strong></span> <span class='ocrx_word' id='word_1_28' title='bbox 1092 910 1250 983; x_wconf 88' lang='lat' dir='ltr'><strong>cleri,</strong></span> <span class='ocrx_word' id='word_1_29' title='bbox 1295 910 1454 969; x_wconf 84' lang='lat' dir='ltr'><strong>virus</strong></span> <span class='ocrx_word' id='word_1_30' title='bbox 1497 909 1732 969; x_wconf 86' lang='lat' dir='ltr'><strong>adhesit</strong></span> <span class='ocrx_word' id='word_1_31' title='bbox 1773 907 1865 969; x_wconf 89' lang='lat' dir='ltr'><strong>ei:</strong></span> <span class='ocrx_word' id='word_1_32' title='bbox 2570 934 2665 982; x_wconf 88' lang='lat'><strong>290</strong></span> 
     </span>
     <span class='ocr_line' id='line_1_6' title="bbox 623 1005 2419 1086; baseline -0.002 -16"><span class='ocrx_word' id='word_1_33' title='bbox 623 1010 721 1070; x_wconf 91' lang='lat' dir='ltr'><strong>Sic</strong></span> <span class='ocrx_word' id='word_1_34' title='bbox 764 1010 990 1070; x_wconf 88' lang='lat' dir='ltr'><strong>reditus</strong></span> <span class='ocrx_word' id='word_1_35' title='bbox 1032 1010 1150 1068; x_wconf 90' lang='lat' dir='ltr'><strong>iam</strong></span> <span class='ocrx_word' id='word_1_36' title='bbox 1194 1008 1450 1086; x_wconf 91' lang='lat' dir='ltr'><strong>quisque</strong></span> <span class='ocrx_word' id='word_1_37' title='bbox 1492 1026 1634 1069; x_wconf 88' lang='lat' dir='ltr'><strong>suos</strong></span> <span class='ocrx_word' id='word_1_38' title='bbox 1673 1016 1853 1079; x_wconf 89' lang='lat' dir='ltr'><strong>amat,</strong></span> <span class='ocrx_word' id='word_1_39' title='bbox 1897 1016 1957 1067; x_wconf 88' lang='lat' dir='ltr'><strong>et</strong></span> <span class='ocrx_word' id='word_1_40' title='bbox 2000 1006 2115 1068; x_wconf 90' lang='lat' dir='ltr'><strong>sibi</strong></span> <span class='ocrx_word' id='word_1_41' title='bbox 2155 1005 2304 1085; x_wconf 91' lang='lat' dir='ltr'><strong>quid</strong></span> <span class='ocrx_word' id='word_1_42' title='bbox 2345 1007 2419 1066; x_wconf 91' lang='lat' dir='ltr'><strong>sit</strong></span> 
     </span>
     <span class='ocr_line' id='line_1_7' title="bbox 504 1104 1775 1183; baseline 0 -18"><span class='ocrx_word' id='word_1_43' title='bbox 504 1130 512 1137; x_wconf 91' lang='lat'><strong>·</strong></span> <span class='ocrx_word' id='word_1_44' title='bbox 621 1108 784 1168; x_wconf 89' lang='lat' dir='ltr'><strong>Vtile</strong></span> <span class='ocrx_word' id='word_1_45' title='bbox 823 1108 1088 1168; x_wconf 84' lang='lat' dir='ltr'><strong>sollicitis</strong></span> <span class='ocrx_word' id='word_1_46' title='bbox 1131 1116 1438 1183; x_wconf 86' lang='lat' dir='ltr'><strong>computat</strong></span> <span class='ocrx_word' id='word_1_47' title='bbox 1480 1106 1608 1183; x_wconf 88' lang='lat' dir='ltr'><strong>ipse</strong></span> <span class='ocrx_word' id='word_1_48' title='bbox 1648 1104 1775 1166; x_wconf 78' lang='lat' dir='ltr'><strong>viis·</strong></span> 
     </span>
     <span class='ocr_line' id='line_1_8' title="bbox 624 1202 2163 1276; baseline -0.003 -11"><span class='ocrx_word' id='word_1_49' title='bbox 624 1205 898 1267; x_wconf 87' lang='lat' dir='ltr'><strong>Ecclesie</strong></span> <span class='ocrx_word' id='word_1_50' title='bbox 939 1206 1066 1266; x_wconf 85' lang='lat' dir='ltr'><strong>iura</strong></span> <span class='ocrx_word' id='word_1_51' title='bbox 1107 1206 1222 1266; x_wconf 89' lang='lat' dir='ltr'><strong>sibi</strong></span> <span class='ocrx_word' id='word_1_52' title='bbox 1263 1205 1349 1264; x_wconf 89' lang='lat' dir='ltr'><strong>nil</strong></span> <span class='ocrx_word' id='word_1_53' title='bbox 1390 1214 1548 1276; x_wconf 87' lang='lat' dir='ltr'><strong>sunt,</strong></span> <span class='ocrx_word' id='word_1_54' title='bbox 1591 1202 1930 1264; x_wconf 88' lang='lat' dir='ltr'><strong>dummodo</strong></span> <span class='ocrx_word' id='word_1_55' title='bbox 1970 1212 2163 1262; x_wconf 85' lang='lat' dir='ltr'><strong>castra</strong></span> 
     </span>
     <span class='ocr_line' id='line_1_9' title="bbox 622 1301 1866 1381; baseline -0.002 -17"><span class='ocrx_word' id='word_1_56' title='bbox 622 1304 851 1365; x_wconf 88' lang='lat' dir='ltr'><strong>Curant</strong></span> <span class='ocrx_word' id='word_1_57' title='bbox 890 1323 1030 1364; x_wconf 91' lang='lat' dir='ltr'><strong>cum</strong></span> <span class='ocrx_word' id='word_1_58' title='bbox 1073 1304 1282 1364; x_wconf 90' lang='lat' dir='ltr'><strong>terris</strong></span> <span class='ocrx_word' id='word_1_59' title='bbox 1323 1304 1686 1381; x_wconf 83' lang='lat' dir='ltr'><strong>amplificare</strong></span> <span class='ocrx_word' id='word_1_60' title='bbox 1728 1301 1866 1361; x_wconf 79' lang='lat' dir='ltr'><strong>suiS.</strong></span> 
     </span>
     <span class='ocr_line' id='line_1_10' title="bbox 623 1398 2272 1477; baseline -0.002 -17"><span class='ocrx_word' id='word_1_61' title='bbox 623 1402 910 1462; x_wconf 90' lang='lat' dir='ltr'><strong>Esuriunt</strong></span> <span class='ocrx_word' id='word_1_62' title='bbox 951 1402 1247 1462; x_wconf 89' lang='lat' dir='ltr'><strong>mundum</strong></span> <span class='ocrx_word' id='word_1_63' title='bbox 1290 1419 1540 1477; x_wconf 89' lang='lat' dir='ltr'><strong>semper,</strong></span> <span class='ocrx_word' id='word_1_64' title='bbox 1586 1409 1678 1460; x_wconf 89' lang='lat' dir='ltr'><strong>set</strong></span> <span class='ocrx_word' id='word_1_65' title='bbox 1721 1400 1781 1457; x_wconf 92' lang='lat' dir='ltr'><strong>in</strong></span> <span class='ocrx_word' id='word_1_66' title='bbox 1824 1398 2035 1459; x_wconf 88' lang='lat' dir='ltr'><strong>ordine</strong></span> <span class='ocrx_word' id='word_1_67' title='bbox 2078 1398 2272 1459; x_wconf 87' lang='lat' dir='ltr'><strong>solum</strong></span> 
     </span>
     <span class='ocr_line' id='line_1_11' title="bbox 624 1496 1887 1561; baseline -0.003 -2"><span class='ocrx_word' id='word_1_68' title='bbox 624 1500 866 1561; x_wconf 88' lang='lat' dir='ltr'><strong>Nomen</strong></span> <span class='ocrx_word' id='word_1_69' title='bbox 908 1498 986 1560; x_wconf 86' lang='lat' dir='ltr'><strong>ab</strong></span> <span class='ocrx_word' id='word_1_70' title='bbox 1029 1498 1294 1559; x_wconf 89' lang='lat' dir='ltr'><strong>ecclesiis</strong></span> <span class='ocrx_word' id='word_1_71' title='bbox 1337 1497 1554 1559; x_wconf 88' lang='lat' dir='ltr'><strong>sufficit</strong></span> <span class='ocrx_word' id='word_1_72' title='bbox 1595 1496 1744 1557; x_wconf 90' lang='lat' dir='ltr'><strong>illud</strong></span> <span class='ocrx_word' id='word_1_73' title='bbox 1784 1496 1887 1558; x_wconf 79' lang='lat' dir='ltr'><strong>eis,</strong></span> 
     </span>
     <span class='ocr_line' id='line_1_12' title="bbox 623 1592 2105 1674; baseline -0.003 -18"><span class='ocrx_word' id='word_1_74' title='bbox 623 1594 868 1657; x_wconf 88' lang='lat' dir='ltr'><strong>Ordinis</strong></span> <span class='ocrx_word' id='word_1_75' title='bbox 907 1596 1158 1674; x_wconf 86' lang='lat' dir='ltr'><strong>angelici</strong></span> <span class='ocrx_word' id='word_1_76' title='bbox 1200 1595 1383 1656; x_wconf 85' lang='lat' dir='ltr'><strong>fertur</strong></span> <span class='ocrx_word' id='word_1_77' title='bbox 1423 1594 1590 1672; x_wconf 92' lang='lat' dir='ltr'><strong>quod</strong></span> <span class='ocrx_word' id='word_1_78' title='bbox 1631 1603 1771 1653; x_wconf 88' lang='lat' dir='ltr'><strong>sunt</strong></span> <span class='ocrx_word' id='word_1_79' title='bbox 1812 1592 2105 1653; x_wconf 88' lang='lat' dir='ltr'><strong>dominati</strong></span> 
     </span>
     <span class='ocr_line' id='line_1_13' title="bbox 622 1690 1989 1771; baseline -0.004 -17"><span class='ocrx_word' id='word_1_80' title='bbox 622 1696 825 1771; x_wconf 90' lang='lat' dir='ltr'><strong>Atque</strong></span> <span class='ocrx_word' id='word_1_81' title='bbox 865 1703 1208 1771; x_wconf 75' lang='lat' dir='ltr'><strong>potestateS,</strong></span> <span class='ocrx_word' id='word_1_82' title='bbox 1254 1694 1342 1753; x_wconf 90' lang='lat' dir='ltr'><strong>sic</strong></span> <span class='ocrx_word' id='word_1_83' title='bbox 1383 1703 1443 1753; x_wconf 90' lang='lat' dir='ltr'><strong>et</strong></span> <span class='ocrx_word' id='word_1_84' title='bbox 1487 1693 1548 1752; x_wconf 91' lang='lat' dir='ltr'><strong>in</strong></span> <span class='ocrx_word' id='word_1_85' title='bbox 1591 1691 1739 1753; x_wconf 90' lang='lat' dir='ltr'><strong>orbe</strong></span> <span class='ocrx_word' id='word_1_86' title='bbox 1780 1690 1946 1751; x_wconf 91' lang='lat' dir='ltr'><strong>vides</strong></span> <span class='ocrx_word' id='word_1_87' title='bbox 1970 1710 1989 1764; x_wconf 88' lang='lat'>;</span> 
     </span>
     <span class='ocr_line' id='line_1_14' title="bbox 623 1788 2131 1870; baseline -0.005 -18"><span class='ocrx_word' id='word_1_88' title='bbox 623 1793 782 1852; x_wconf 88' lang='lat' dir='ltr'><strong>Nam</strong></span> <span class='ocrx_word' id='word_1_89' title='bbox 823 1792 966 1870; x_wconf 88' lang='lat' dir='ltr'><strong>quia</strong></span> <span class='ocrx_word' id='word_1_90' title='bbox 1007 1792 1198 1853; x_wconf 89' lang='lat' dir='ltr'><strong>clerus</strong></span> <span class='ocrx_word' id='word_1_91' title='bbox 1241 1791 1326 1852; x_wconf 92' lang='lat' dir='ltr'><strong>ibi</strong></span> <span class='ocrx_word' id='word_1_92' title='bbox 1367 1792 1577 1869; x_wconf 90' lang='lat' dir='ltr'><strong>nequit</strong></span> <span class='ocrx_word' id='word_1_93' title='bbox 1619 1790 1761 1867; x_wconf 91' lang='lat' dir='ltr'><strong>ipsis</strong></span> <span class='ocrx_word' id='word_1_94' title='bbox 1802 1788 2131 1861; x_wconf 86' lang='lat' dir='ltr'><strong>assimilari,</strong></span> 
     </span>
     <span class='ocr_line' id='line_1_15' title="bbox 622 1888 2664 1967; baseline -0.003 -17"><span class='ocrx_word' id='word_1_95' title='bbox 622 1891 799 1951; x_wconf 89' lang='lat' dir='ltr'><strong>Ferre</strong></span> <span class='ocrx_word' id='word_1_96' title='bbox 838 1890 1203 1967; x_wconf 87' lang='lat' dir='ltr'><strong>gerarchiam</strong></span> <span class='ocrx_word' id='word_1_97' title='bbox 1247 1891 1351 1950; x_wconf 89' lang='lat' dir='ltr'><strong>dat</strong></span> <span class='ocrx_word' id='word_1_98' title='bbox 1391 1888 1504 1949; x_wconf 92' lang='lat' dir='ltr'><strong>sibi</strong></span> <span class='ocrx_word' id='word_1_99' title='bbox 1548 1899 1702 1949; x_wconf 89' lang='lat' dir='ltr'><strong>terra</strong></span> <span class='ocrx_word' id='word_1_100' title='bbox 1744 1907 1949 1949; x_wconf 87' lang='lat' dir='ltr'><strong>suam:</strong></span> <span class='ocrx_word' id='word_1_101' title='bbox 2566 1910 2664 1957; x_wconf 82' lang='lat'><strong>300</strong></span> 
     </span>
     <span class='ocr_line' id='line_1_16' title="bbox 622 1988 2143 2066; baseline -0.001 -18"><span class='ocrx_word' id='word_1_102' title='bbox 622 1988 720 2048; x_wconf 91' lang='lat' dir='ltr'><strong>Sic</strong></span> <span class='ocrx_word' id='word_1_103' title='bbox 760 1989 903 2066; x_wconf 87' lang='lat' dir='ltr'><strong>quia</strong></span> <span class='ocrx_word' id='word_1_104' title='bbox 933 1988 1194 2065; x_wconf 85' lang='lat' dir='ltr'><strong>prelatus</strong></span> <span class='ocrx_word' id='word_1_105' title='bbox 1236 1988 1471 2049; x_wconf 84' lang='lat' dir='ltr'><strong>dubitat</strong></span> <span class='ocrx_word' id='word_1_106' title='bbox 1512 1988 1660 2065; x_wconf 87' lang='lat' dir='ltr'><strong>quid</strong></span> <span class='ocrx_word' id='word_1_107' title='bbox 1701 2007 1945 2065; x_wconf 87' lang='lat' dir='ltr'><strong>carpere</strong></span> <span class='ocrx_word' id='word_1_108' title='bbox 1984 1990 2143 2062; x_wconf 86' lang='lat' dir='ltr'><strong>celis,</strong></span> 
     </span>
     <span class='ocr_line' id='line_1_17' title="bbox 621 2084 1928 2147; baseline 0 -2"><span class='ocrx_word' id='word_1_109' title='bbox 621 2086 824 2146; x_wconf 89' lang='lat' dir='ltr'><strong>Huius</strong></span> <span class='ocrx_word' id='word_1_110' title='bbox 865 2086 994 2146; x_wconf 88' lang='lat' dir='ltr'><strong>vult</strong></span> <span class='ocrx_word' id='word_1_111' title='bbox 1034 2084 1248 2147; x_wconf 87' lang='lat' dir='ltr'><strong>mundi</strong></span> <span class='ocrx_word' id='word_1_112' title='bbox 1290 2095 1485 2147; x_wconf 87' lang='lat' dir='ltr'><strong>certus</strong></span> <span class='ocrx_word' id='word_1_113' title='bbox 1529 2087 1757 2146; x_wconf 89' lang='lat' dir='ltr'><strong>honore</strong></span> <span class='ocrx_word' id='word_1_114' title='bbox 1797 2086 1928 2145; x_wconf 86' lang='lat' dir='ltr'><strong>frui.</strong></span> 
     </span>
     <span class='ocr_line' id='line_1_18' title="bbox 702 2182 2296 2261; baseline 0 -18"><span class='ocrx_word' id='word_1_115' title='bbox 702 2184 868 2245; x_wconf 85' lang='lat' dir='ltr'><strong>Dixit</strong></span> <span class='ocrx_word' id='word_1_116' title='bbox 908 2184 1102 2244; x_wconf 84' lang='lat' dir='ltr'><strong>Pilato</strong></span> <span class='ocrx_word' id='word_1_117' title='bbox 1143 2184 1390 2257; x_wconf 81' lang='lat' dir='ltr'><strong>CristuS,</strong></span> <span class='ocrx_word' id='word_1_118' title='bbox 1435 2184 1603 2261; x_wconf 90' lang='lat' dir='ltr'><strong>quod</strong></span> <span class='ocrx_word' id='word_1_119' title='bbox 1645 2184 1706 2243; x_wconf 92' lang='lat' dir='ltr'><strong>in</strong></span> <span class='ocrx_word' id='word_1_120' title='bbox 1749 2184 1868 2244; x_wconf 85' lang='lat' dir='ltr'><strong>hoc</strong></span> <span class='ocrx_word' id='word_1_121' title='bbox 1909 2182 2023 2245; x_wconf 89' lang='lat' dir='ltr'><strong>sibi</strong></span> <span class='ocrx_word' id='word_1_122' title='bbox 2064 2182 2296 2243; x_wconf 89' lang='lat' dir='ltr'><strong>mundo</strong></span> 
     </span>
     <span class='ocr_line' id='line_1_19' title="bbox 623 2282 2161 2360; baseline -0.002 -17"><span class='ocrx_word' id='word_1_123' title='bbox 623 2284 766 2343; x_wconf 92' lang='lat' dir='ltr'><strong>Non</strong></span> <span class='ocrx_word' id='word_1_124' title='bbox 807 2284 998 2343; x_wconf 87' lang='lat' dir='ltr'><strong>fuerat</strong></span> <span class='ocrx_word' id='word_1_125' title='bbox 1035 2300 1321 2359; x_wconf 87' lang='lat' dir='ltr'><strong>regnum:</strong></span> <span class='ocrx_word' id='word_1_126' title='bbox 1378 2282 1496 2341; x_wconf 90' lang='lat' dir='ltr'><strong>iam</strong></span> <span class='ocrx_word' id='word_1_127' title='bbox 1539 2300 1740 2360; x_wconf 89' lang='lat' dir='ltr'><strong>neque</strong></span> <span class='ocrx_word' id='word_1_128' title='bbox 1781 2283 1979 2359; x_wconf 88' lang='lat' dir='ltr'><strong>presul</strong></span> <span class='ocrx_word' id='word_1_129' title='bbox 2020 2300 2161 2343; x_wconf 88' lang='lat' dir='ltr'><strong>eum</strong></span> 
     </span>
     <span class='ocr_line' id='line_1_20' title="bbox 621 2382 2127 2459; baseline -0.003 -16"><span class='ocrx_word' id='word_1_130' title='bbox 621 2382 1042 2459; x_wconf 88' lang='lat' dir='ltr'><strong>Consequitur,</strong></span> <span class='ocrx_word' id='word_1_131' title='bbox 1087 2392 1177 2441; x_wconf 90' lang='lat' dir='ltr'><strong>set</strong></span> <span class='ocrx_word' id='word_1_132' title='bbox 1217 2382 1274 2443; x_wconf 95' lang='lat' dir='ltr'><strong>ei</strong></span> <span class='ocrx_word' id='word_1_133' title='bbox 1314 2382 1609 2441; x_wconf 86' lang='lat' dir='ltr'><strong>contraria</strong></span> <span class='ocrx_word' id='word_1_134' title='bbox 1650 2398 1885 2441; x_wconf 87' lang='lat' dir='ltr'><strong>sumere</strong></span> <span class='ocrx_word' id='word_1_135' title='bbox 1925 2382 2127 2441; x_wconf 90' lang='lat' dir='ltr'><strong>cuncti</strong></span> 
     </span>
     <span class='ocr_line' id='line_1_21' title="bbox 619 2479 2144 2557; baseline 0.001 -19"><span class='ocrx_word' id='word_1_136' title='bbox 619 2479 832 2557; x_wconf 88' lang='lat' dir='ltr'><strong>Regna</strong></span> <span class='ocrx_word' id='word_1_137' title='bbox 872 2479 1096 2553; x_wconf 84' lang='lat' dir='ltr'><strong>volunt,</strong></span> <span class='ocrx_word' id='word_1_138' title='bbox 1142 2490 1202 2540; x_wconf 92' lang='lat' dir='ltr'><strong>et</strong></span> <span class='ocrx_word' id='word_1_139' title='bbox 1244 2480 1306 2539; x_wconf 89' lang='lat' dir='ltr'><strong>in</strong></span> <span class='ocrx_word' id='word_1_140' title='bbox 1347 2479 1462 2539; x_wconf 90' lang='lat' dir='ltr'><strong>hiis</strong></span> <span class='ocrx_word' id='word_1_141' title='bbox 1505 2479 1662 2540; x_wconf 87' lang='lat' dir='ltr'><strong>bella</strong></span> <span class='ocrx_word' id='word_1_142' title='bbox 1703 2497 1949 2539; x_wconf 91' lang='lat' dir='ltr'><strong>mouere</strong></span> <span class='ocrx_word' id='word_1_143' title='bbox 1989 2480 2144 2539; x_wconf 77' lang='lat' dir='ltr'><strong>viriS.</strong></span> 
     </span>
     <span class='ocr_line' id='line_1_22' title="bbox 621 2576 2105 2654; baseline 0.001 -18"><span class='ocrx_word' id='word_1_144' title='bbox 621 2578 740 2637; x_wconf 89' lang='lat' dir='ltr'><strong>Pro</strong></span> <span class='ocrx_word' id='word_1_145' title='bbox 781 2576 922 2637; x_wconf 85' lang='lat' dir='ltr'><strong>fidei</strong></span> <span class='ocrx_word' id='word_1_146' title='bbox 963 2578 1158 2637; x_wconf 87' lang='lat' dir='ltr'><strong>causis</strong></span> <span class='ocrx_word' id='word_1_147' title='bbox 1199 2579 1416 2638; x_wconf 89' lang='lat' dir='ltr'><strong>nolunt</strong></span> <span class='ocrx_word' id='word_1_148' title='bbox 1458 2577 1600 2638; x_wconf 88' lang='lat' dir='ltr'><strong>dare</strong></span> <span class='ocrx_word' id='word_1_149' title='bbox 1641 2576 1800 2637; x_wconf 91' lang='lat' dir='ltr'><strong>bella</strong></span> <span class='ocrx_word' id='word_1_150' title='bbox 1841 2577 2105 2654; x_wconf 78' lang='lat' dir='ltr'><strong>paganiS,</strong></span> 
     </span>
     <span class='ocr_line' id='line_1_23' title="bbox 619 2673 1927 2752; baseline -0.002 -17"><span class='ocrx_word' id='word_1_151' title='bbox 619 2674 826 2735; x_wconf 89' lang='lat' dir='ltr'><strong>Solum</strong></span> <span class='ocrx_word' id='word_1_152' title='bbox 869 2694 982 2735; x_wconf 89' lang='lat' dir='ltr'><strong>nec</strong></span> <span class='ocrx_word' id='word_1_153' title='bbox 1023 2673 1204 2735; x_wconf 88' lang='lat' dir='ltr'><strong>verba</strong></span> <span class='ocrx_word' id='word_1_154' title='bbox 1246 2675 1508 2751; x_wconf 90' lang='lat' dir='ltr'><strong>pandere</strong></span> <span class='ocrx_word' id='word_1_155' title='bbox 1551 2676 1680 2752; x_wconf 89' lang='lat' dir='ltr'><strong>lege</strong></span> <span class='ocrx_word' id='word_1_156' title='bbox 1722 2693 1927 2749; x_wconf 82' lang='lat' dir='ltr'><strong>sacra3</strong></span> 
     </span>
     <span class='ocr_line' id='line_1_24' title="bbox 622 2771 1907 2850; baseline 0 -17"><span class='ocrx_word' id='word_1_157' title='bbox 622 2771 726 2833; x_wconf 87' lang='lat' dir='ltr'><strong>Set</strong></span> <span class='ocrx_word' id='word_1_158' title='bbox 768 2792 877 2850; x_wconf 89' lang='lat' dir='ltr'><strong>pro</strong></span> <span class='ocrx_word' id='word_1_159' title='bbox 917 2774 1164 2833; x_wconf 87' lang='lat' dir='ltr'><strong>terrenis</strong></span> <span class='ocrx_word' id='word_1_160' title='bbox 1205 2774 1256 2833; x_wconf 91' lang='lat' dir='ltr'><strong>si</strong></span> <span class='ocrx_word' id='word_1_161' title='bbox 1299 2773 1725 2833; x_wconf 85' lang='lat' dir='ltr'><strong>contradixerit</strong></span> <span class='ocrx_word' id='word_1_162' title='bbox 1764 2773 1907 2850; x_wconf 89' lang='lat' dir='ltr'><strong>ipsis</strong></span> 
     </span>
     <span class='ocr_line' id='line_1_25' title="bbox 619 2870 2661 2946; baseline -0.003 -15"><span class='ocrx_word' id='word_1_163' title='bbox 619 2870 838 2931; x_wconf 87' lang='lat' dir='ltr'><strong>Saltem</strong></span> <span class='ocrx_word' id='word_1_164' title='bbox 883 2870 1210 2946; x_wconf 89' lang='lat' dir='ltr'><strong>Cristicola,</strong></span> <span class='ocrx_word' id='word_1_165' title='bbox 1257 2872 1403 2932; x_wconf 85' lang='lat' dir='ltr'><strong>dant</strong></span> <span class='ocrx_word' id='word_1_166' title='bbox 1445 2870 1528 2931; x_wconf 92' lang='lat' dir='ltr'><strong>ibi</strong></span> <span class='ocrx_word' id='word_1_167' title='bbox 1571 2871 1729 2931; x_wconf 90' lang='lat' dir='ltr'><strong>bella</strong></span> <span class='ocrx_word' id='word_1_168' title='bbox 1768 2872 1908 2931; x_wconf 80' lang='lat' dir='ltr'><strong>sera.</strong></span> <span class='ocrx_word' id='word_1_169' title='bbox 2561 2890 2661 2940; x_wconf 82' lang='lat'><strong>310</strong></span> 
     </span>
     <span class='ocr_line' id='line_1_26' title="bbox 619 2967 2220 3047; baseline -0.001 -19"><span class='ocrx_word' id='word_1_170' title='bbox 619 2967 718 3028; x_wconf 88' lang='lat' dir='ltr'><strong>Sic</strong></span> <span class='ocrx_word' id='word_1_171' title='bbox 758 2970 900 3047; x_wconf 92' lang='lat' dir='ltr'><strong>quia</strong></span> <span class='ocrx_word' id='word_1_172' title='bbox 941 2970 1246 3030; x_wconf 89' lang='lat' dir='ltr'><strong>mundana</strong></span> <span class='ocrx_word' id='word_1_173' title='bbox 1282 2970 1412 3030; x_wconf 88' lang='lat' dir='ltr'><strong>sine</strong></span> <span class='ocrx_word' id='word_1_174' title='bbox 1454 2970 1653 3031; x_wconf 88' lang='lat' dir='ltr'><strong>Cristo</strong></span> <span class='ocrx_word' id='word_1_175' title='bbox 1695 2970 1814 3029; x_wconf 88' lang='lat' dir='ltr'><strong>iam</strong></span> <span class='ocrx_word' id='word_1_176' title='bbox 1856 2968 2015 3045; x_wconf 84' lang='lat' dir='ltr'><strong>capit</strong></span> <span class='ocrx_word' id='word_1_177' title='bbox 2056 2986 2220 3028; x_wconf 87' lang='lat' dir='ltr'><strong>arma</strong></span> 
     </span>
     <span class='ocr_line' id='line_1_27' title="bbox 618 3066 1811 3142; baseline 0.001 -14"><span class='ocrx_word' id='word_1_178' title='bbox 618 3066 830 3129; x_wconf 89' lang='lat' dir='ltr'><strong>Clerus</strong></span> <span class='ocrx_word' id='word_1_179' title='bbox 870 3068 933 3127; x_wconf 88' lang='lat' dir='ltr'><strong>in</strong></span> <span class='ocrx_word' id='word_1_180' title='bbox 977 3068 1242 3142; x_wconf 90' lang='lat' dir='ltr'><strong>ecclesia,</strong></span> <span class='ocrx_word' id='word_1_181' title='bbox 1288 3068 1414 3128; x_wconf 89' lang='lat' dir='ltr'><strong>iure</strong></span> <span class='ocrx_word' id='word_1_182' title='bbox 1455 3067 1680 3128; x_wconf 85' lang='lat' dir='ltr'><strong>carebit</strong></span> <span class='ocrx_word' id='word_1_183' title='bbox 1722 3086 1811 3129; x_wconf 86' lang='lat' dir='ltr'><strong>ea.</strong></span> 
     </span>
     <span class='ocr_line' id='line_1_28' title="bbox 621 3165 2310 3243; baseline -0.002 -16"><span class='ocrx_word' id='word_1_184' title='bbox 621 3165 1048 3243; x_wconf 86' lang='lat' dir='ltr'><strong>‘Cognoscetis</strong></span> <span class='ocrx_word' id='word_1_185' title='bbox 1089 3168 1232 3240; x_wconf 90' lang='lat' dir='ltr'><strong>eos,’</strong></span> <span class='ocrx_word' id='word_1_186' title='bbox 1275 3166 1524 3240; x_wconf 88' lang='lat' dir='ltr'><strong>Cristus,</strong></span> <span class='ocrx_word' id='word_1_187' title='bbox 1574 3166 1685 3226; x_wconf 89' lang='lat' dir='ltr'><strong>‘de</strong></span> <span class='ocrx_word' id='word_1_188' title='bbox 1727 3165 2017 3225; x_wconf 80' lang='lat' dir='ltr'><strong>fructibus</strong></span> <span class='ocrx_word' id='word_1_189' title='bbox 2058 3165 2310 3238; x_wconf 90' lang='lat' dir='ltr'><strong>horum,&#39;</strong></span> 
     </span>
     <span class='ocr_line' id='line_1_29' title="bbox 621 3262 1799 3340; baseline 0 -17"><span class='ocrx_word' id='word_1_190' title='bbox 621 3263 801 3336; x_wconf 90' lang='lat' dir='ltr'><strong>Dicit,</strong></span> <span class='ocrx_word' id='word_1_191' title='bbox 845 3273 906 3323; x_wconf 90' lang='lat' dir='ltr'><strong>et</strong></span> <span class='ocrx_word' id='word_1_192' title='bbox 948 3273 1039 3323; x_wconf 90' lang='lat' dir='ltr'><strong>est</strong></span> <span class='ocrx_word' id='word_1_193' title='bbox 1080 3262 1182 3323; x_wconf 91' lang='lat' dir='ltr'><strong>illa</strong></span> <span class='ocrx_word' id='word_1_194' title='bbox 1222 3265 1422 3340; x_wconf 86' lang='lat' dir='ltr'><strong>regula</strong></span> <span class='ocrx_word' id='word_1_195' title='bbox 1462 3282 1600 3323; x_wconf 85' lang='lat' dir='ltr'><strong>vera</strong></span> <span class='ocrx_word' id='word_1_196' title='bbox 1641 3264 1799 3323; x_wconf 79' lang='lat' dir='ltr'><strong>satiS.</strong></span> 
     </span>
     <span class='ocr_line' id='line_1_30' title="bbox 616 3360 2245 3439; baseline 0 -20"><span class='ocrx_word' id='word_1_197' title='bbox 616 3360 1208 3439; x_wconf 87' lang='lat' dir='ltr'><strong>Quomodocumque</strong></span> <span class='ocrx_word' id='word_1_198' title='bbox 1247 3380 1417 3421; x_wconf 86' lang='lat' dir='ltr'><strong>suam</strong></span> <span class='ocrx_word' id='word_1_199' title='bbox 1459 3362 1650 3421; x_wconf 88' lang='lat' dir='ltr'><strong>clerus</strong></span> <span class='ocrx_word' id='word_1_200' title='bbox 1691 3362 1885 3438; x_wconf 87' lang='lat' dir='ltr'><strong>legem</strong></span> <span class='ocrx_word' id='word_1_201' title='bbox 1926 3360 2245 3437; x_wconf 87' lang='lat' dir='ltr'><strong>positiuam</strong></span> 
     </span>
     <span class='ocr_line' id='line_1_31' title="bbox 618 3457 1940 3530; baseline 0.002 -15"><span class='ocrx_word' id='word_1_202' title='bbox 618 3457 854 3530; x_wconf 90' lang='lat' dir='ltr'><strong>Laruat‚</strong></span> <span class='ocrx_word' id='word_1_203' title='bbox 897 3458 1007 3518; x_wconf 89' lang='lat' dir='ltr'><strong>erit</strong></span> <span class='ocrx_word' id='word_1_204' title='bbox 1047 3458 1212 3518; x_wconf 90' lang='lat' dir='ltr'><strong>testis</strong></span> <span class='ocrx_word' id='word_1_205' title='bbox 1252 3459 1449 3518; x_wconf 90' lang='lat' dir='ltr'><strong>cultus</strong></span> <span class='ocrx_word' id='word_1_206' title='bbox 1489 3459 1568 3518; x_wconf 90' lang='lat' dir='ltr'><strong>ad</strong></span> <span class='ocrx_word' id='word_1_207' title='bbox 1607 3470 1741 3518; x_wconf 89' lang='lat' dir='ltr'><strong>acta</strong></span> <span class='ocrx_word' id='word_1_208' title='bbox 1780 3458 1940 3518; x_wconf 78' lang='lat' dir='ltr'><strong>foris·</strong></span> 
     </span>
     <span class='ocr_line' id='line_1_32' title="bbox 619 3554 2175 3633; baseline 0.001 -20"><span class='ocrx_word' id='word_1_209' title='bbox 619 3554 808 3631; x_wconf 85' lang='lat' dir='ltr'><strong>Egros</strong></span> <span class='ocrx_word' id='word_1_210' title='bbox 849 3554 1058 3615; x_wconf 86' lang='lat' dir='ltr'><strong>vmbra</strong></span> <span class='ocrx_word' id='word_1_211' title='bbox 1098 3556 1256 3615; x_wconf 90' lang='lat' dir='ltr'><strong>Petri</strong></span> <span class='ocrx_word' id='word_1_212' title='bbox 1299 3556 1547 3629; x_wconf 87' lang='lat' dir='ltr'><strong>sanauit,</strong></span> <span class='ocrx_word' id='word_1_213' title='bbox 1592 3557 1693 3615; x_wconf 86' lang='lat' dir='ltr'><strong>lux</strong></span> <span class='ocrx_word' id='word_1_214' title='bbox 1736 3574 1934 3633; x_wconf 89' lang='lat' dir='ltr'><strong>neque</strong></span> <span class='ocrx_word' id='word_1_215' title='bbox 1976 3566 2175 3615; x_wconf 89' lang='lat' dir='ltr'><strong>nostra</strong></span> 
     </span>
     <span class='ocr_line' id='line_1_33' title="bbox 623 3653 2041 3731; baseline 0.001 -20"><span class='ocrx_word' id='word_1_216' title='bbox 623 3653 756 3712; x_wconf 91' lang='lat' dir='ltr'><strong>Nec</strong></span> <span class='ocrx_word' id='word_1_217' title='bbox 796 3670 912 3711; x_wconf 86' lang='lat' dir='ltr'><strong>vox</strong></span> <span class='ocrx_word' id='word_1_218' title='bbox 953 3671 1066 3713; x_wconf 91' lang='lat' dir='ltr'><strong>nec</strong></span> <span class='ocrx_word' id='word_1_219' title='bbox 1105 3663 1313 3714; x_wconf 80' lang='lat' dir='ltr'><strong>votum</strong></span> <span class='ocrx_word' id='word_1_220' title='bbox 1354 3655 1504 3715; x_wconf 80' lang='lat' dir='ltr'><strong>serre</strong></span> <span class='ocrx_word' id='word_1_221' title='bbox 1544 3664 1804 3713; x_wconf 89' lang='lat' dir='ltr'><strong>meretur</strong></span> <span class='ocrx_word' id='word_1_222' title='bbox 1845 3671 2041 3731; x_wconf 88' lang='lat' dir='ltr'><strong>opem.</strong></span> 
     </span>
     <span class='ocr_line' id='line_1_34' title="bbox 617 3750 2165 3829; baseline 0 -18"><span class='ocrx_word' id='word_1_223' title='bbox 617 3750 874 3812; x_wconf 82' lang='lat' dir='ltr'><strong>Subdita</strong></span> <span class='ocrx_word' id='word_1_224' title='bbox 915 3750 1172 3811; x_wconf 88' lang='lat' dir='ltr'><strong>decurrit</strong></span> <span class='ocrx_word' id='word_1_225' title='bbox 1214 3751 1470 3829; x_wconf 90' lang='lat' dir='ltr'><strong>pedibus</strong></span> <span class='ocrx_word' id='word_1_226' title='bbox 1511 3770 1688 3828; x_wconf 90' lang='lat' dir='ltr'><strong>super</strong></span> <span class='ocrx_word' id='word_1_227' title='bbox 1730 3770 1954 3827; x_wconf 89' lang='lat' dir='ltr'><strong>equora</strong></span> <span class='ocrx_word' id='word_1_228' title='bbox 1994 3751 2165 3811; x_wconf 89' lang='lat' dir='ltr'><strong>siccis</strong></span> 
     </span>
     <span class='ocr_line' id='line_1_35' title="bbox 617 3847 2657 3927; baseline -0.001 -21"><span class='ocrx_word' id='word_1_229' title='bbox 617 3848 845 3921; x_wconf 81' lang='lat' dir='ltr'><strong>PetruS,</strong></span> <span class='ocrx_word' id='word_1_230' title='bbox 891 3849 1009 3908; x_wconf 87' lang='lat' dir='ltr'><strong>iam</strong></span> <span class='ocrx_word' id='word_1_231' title='bbox 1053 3858 1317 3909; x_wconf 88' lang='lat' dir='ltr'><strong>nostram</strong></span> <span class='ocrx_word' id='word_1_232' title='bbox 1361 3850 1572 3927; x_wconf 88' lang='lat' dir='ltr'><strong>mergit</strong></span> <span class='ocrx_word' id='word_1_233' title='bbox 1613 3860 1672 3909; x_wconf 93' lang='lat' dir='ltr'><strong>et</strong></span> <span class='ocrx_word' id='word_1_234' title='bbox 1713 3848 1875 3908; x_wconf 81' lang='lat' dir='ltr'><strong>vnda</strong></span> <span class='ocrx_word' id='word_1_235' title='bbox 1916 3847 2117 3908; x_wconf 88' lang='lat' dir='ltr'><strong>fidem.</strong></span> <span class='ocrx_word' id='word_1_236' title='bbox 2562 3868 2657 3917; x_wconf 80' lang='lat'><strong>320</strong></span> 
     </span>
     <span class='ocr_line' id='line_1_36' title="bbox 615 3944 2167 4024; baseline -0.001 -19"><span class='ocrx_word' id='word_1_237' title='bbox 615 3946 738 4021; x_wconf 91' lang='lat' dir='ltr'><strong>Qui</strong></span> <span class='ocrx_word' id='word_1_238' title='bbox 779 3964 892 4005; x_wconf 86' lang='lat' dir='ltr'><strong>nos</strong></span> <span class='ocrx_word' id='word_1_239' title='bbox 931 3946 1322 4024; x_wconf 89' lang='lat' dir='ltr'><strong>prosequitur,</strong></span> <span class='ocrx_word' id='word_1_240' title='bbox 1369 3946 1549 4008; x_wconf 90' lang='lat' dir='ltr'><strong>Cristi</strong></span> <span class='ocrx_word' id='word_1_241' title='bbox 1591 3946 1679 4006; x_wconf 91' lang='lat' dir='ltr'><strong>de</strong></span> <span class='ocrx_word' id='word_1_242' title='bbox 1720 3946 1852 4022; x_wconf 89' lang='lat' dir='ltr'><strong>lege</strong></span> <span class='ocrx_word' id='word_1_243' title='bbox 1893 3944 2167 4005; x_wconf 89' lang='lat' dir='ltr'><strong>iubemur</strong></span> 
     </span>
     <span class='ocr_line' id='line_1_37' title="bbox 617 4044 1871 4122; baseline 0 -20"><span class='ocrx_word' id='word_1_244' title='bbox 617 4044 798 4104; x_wconf 88' lang='lat' dir='ltr'><strong>Illum</strong></span> <span class='ocrx_word' id='word_1_245' title='bbox 839 4062 949 4122; x_wconf 89' lang='lat' dir='ltr'><strong>per</strong></span> <span class='ocrx_word' id='word_1_246' title='bbox 988 4053 1220 4105; x_wconf 87' lang='lat' dir='ltr'><strong>nostras</strong></span> <span class='ocrx_word' id='word_1_247' title='bbox 1261 4044 1585 4105; x_wconf 89' lang='lat' dir='ltr'><strong>rectificare</strong></span> <span class='ocrx_word' id='word_1_248' title='bbox 1626 4062 1871 4121; x_wconf 88' lang='lat' dir='ltr'><strong>preces;</strong></span> 
     </span>
     <span class='ocr_line' id='line_1_38' title="bbox 615 4140 2215 4219; baseline -0.002 -16"><span class='ocrx_word' id='word_1_249' title='bbox 615 4142 746 4203; x_wconf 88' lang='lat' dir='ltr'><strong>Nos</strong></span> <span class='ocrx_word' id='word_1_250' title='bbox 783 4152 990 4202; x_wconf 86' lang='lat' dir='ltr'><strong>tamen</strong></span> <span class='ocrx_word' id='word_1_251' title='bbox 1027 4141 1259 4219; x_wconf 89' lang='lat' dir='ltr'><strong>absque</strong></span> <span class='ocrx_word' id='word_1_252' title='bbox 1301 4142 1418 4203; x_wconf 93' lang='lat' dir='ltr'><strong>deo</strong></span> <span class='ocrx_word' id='word_1_253' title='bbox 1459 4142 1538 4202; x_wconf 92' lang='lat' dir='ltr'><strong>de</strong></span> <span class='ocrx_word' id='word_1_254' title='bbox 1579 4142 1706 4201; x_wconf 89' lang='lat' dir='ltr'><strong>iure</strong></span> <span class='ocrx_word' id='word_1_255' title='bbox 1747 4158 1915 4201; x_wconf 89' lang='lat' dir='ltr'><strong>nouo</strong></span> <span class='ocrx_word' id='word_1_256' title='bbox 1952 4140 2215 4218; x_wconf 92' lang='lat' dir='ltr'><strong>positiuo</strong></span> 
     </span>
     <span class='ocr_line' id='line_1_39' title="bbox 614 4237 1879 4317; baseline 0 -20"><span class='ocrx_word' id='word_1_257' title='bbox 614 4240 960 4300; x_wconf 86' lang='lat' dir='ltr'><strong>Vindictam</strong></span> <span class='ocrx_word' id='word_1_258' title='bbox 1001 4240 1182 4317; x_wconf 88' lang='lat' dir='ltr'><strong>gladii</strong></span> <span class='ocrx_word' id='word_1_259' title='bbox 1223 4240 1374 4301; x_wconf 80' lang='lat' dir='ltr'><strong>serre</strong></span> <span class='ocrx_word' id='word_1_260' title='bbox 1415 4256 1733 4300; x_wconf 87' lang='lat' dir='ltr'><strong>monemus</strong></span> <span class='ocrx_word' id='word_1_261' title='bbox 1774 4237 1879 4298; x_wconf 92' lang='lat' dir='ltr'><strong>ibi.</strong></span> 
     </span>
     <span class='ocr_line' id='line_1_40' title="bbox 615 4336 2127 4415; baseline -0.002 -18"><span class='ocrx_word' id='word_1_262' title='bbox 615 4336 715 4397; x_wconf 87' lang='lat' dir='ltr'><strong>sic</strong></span> <span class='ocrx_word' id='word_1_263' title='bbox 754 4338 868 4398; x_wconf 90' lang='lat' dir='ltr'><strong>hos</strong></span> <span class='ocrx_word' id='word_1_264' title='bbox 909 4338 1273 4399; x_wconf 88' lang='lat' dir='ltr'><strong>destruimus</strong></span> <span class='ocrx_word' id='word_1_265' title='bbox 1315 4355 1473 4415; x_wconf 88' lang='lat' dir='ltr'><strong>quos</strong></span> <span class='ocrx_word' id='word_1_266' title='bbox 1514 4336 1795 4397; x_wconf 88' lang='lat' dir='ltr'><strong>edificare</strong></span> <span class='ocrx_word' id='word_1_267' title='bbox 1834 4347 2127 4411; x_wconf 88' lang='lat' dir='ltr'><strong>tenemur,</strong></span> 
     </span>
    </p>
   </div>
   <div class='ocr_carea' id='block_1_3' title="bbox 753 4456 2357 4603">
    <p class='ocr_par' dir='ltr' id='par_1_3' title="bbox 753 4456 2357 4603">
     <span class='ocr_line' id='line_1_41' title="bbox 753 4456 2357 4523; baseline -0.002 -13"><span class='ocrx_word' id='word_1_268' title='bbox 753 4474 856 4521; x_wconf 84' lang='lat'><strong>300</strong></span> <span class='ocrx_word' id='word_1_269' title='bbox 887 4459 1212 4523; x_wconf 75' lang='lat' dir='ltr'><strong>germ-chiam</strong></span> <span class='ocrx_word' id='word_1_270' title='bbox 1235 4458 1380 4509; x_wconf 74' lang='grc' dir='ltr'><strong>ΒΗΤ</strong></span> <span class='ocrx_word' id='word_1_271' title='bbox 1447 4458 1759 4509; x_wconf 63' lang='lat' dir='ltr'><strong>Ietas-chiam</strong></span> <span class='ocrx_word' id='word_1_272' title='bbox 1781 4456 1872 4508; x_wconf 90' lang='lat' dir='ltr'><strong>CL</strong></span> <span class='ocrx_word' id='word_1_273' title='bbox 1937 4458 2238 4509; x_wconf 72' lang='lat' dir='ltr'><strong>ierarchiam</strong></span> <span class='ocrx_word' id='word_1_274' title='bbox 2261 4456 2357 4507; x_wconf 81' lang='grc' dir='ltr'><strong>ΕΙ)</strong></span> 
     </span>
     <span class='ocr_line' id='line_1_42' title="bbox 1505 4559 1596 4603; baseline 0.022 -2"><span class='ocrx_word' id='word_1_275' title='bbox 1505 4559 1527 4601; x_wconf 92' lang='lat'>1</span> <span class='ocrx_word' id='word_1_276' title='bbox 1555 4559 1596 4603; x_wconf 80' lang='lat'><em>2</em></span> 
     </span>
    </p>
   </div>
  </div>
 </body>
</html>
