3434 5142
1212 462 1497 527 LIBER
1556 462 1924 528 SEXTUS

626 621 771 692 Stat,
818 631 907 680 set
946 630 1009 680 vt
1050 620 1147 680 illa
1186 621 1363 680 lucris
1404 621 1607 681 fertilis
1648 632 1801 682 astet
1840 623 1944 682 eis·

624 718 807 778 Nunc
845 737 985 778 curn
1026 718 1360 780 causidicus
1399 720 1653 780 aduerse
1692 720 1786 780 ius
1827 721 1954 781 fore
1992 721 2172 798 partis

621 816 763 890 Scit,
806 825 953 876 tunc
992 817 1253 878 cautelas
1294 828 1582 894 prouocat
1622 818 1752 895 ipse
1793 837 1966 880 suas:

622 914 810 988 Quod
848 915 1057 992 nequit
1096 933 1169 975 ex
1208 916 1356 993 lege,
1399 916 1645 975 cautelis
1684 916 1933 993 derogat
1974 917 2116 993 ipse,

621 1010 779 1072 Cum
820 1023 1079 1089 nequeat
1118 1031 1360 1073 musam
1402 1014 1655 1088 vincere,
1698 1025 1872 1075 vexat
1911 1033 2081 1076 eam:

619 1108 680 1168 Si
724 1117 927 1169 tamen
967 1109 1125 1170 hanc
1164 1110 1377 1185 vincat,
1422 1129 1555 1171 mos
1597 1111 1776 1188 exigit
1815 1121 1876 1172 et
1916 1113 2102 1173 modo
2142 1122 2362 1189 prestat

620 1207 796 1283 Legis
836 1208 1057 1267 sensati
1100 1227 1325 1268 nomen
1366 1208 1588 1269 habere
1628 1207 1780 1270 sibit

618 1305 779 1364 Nam
820 1305 935 1364 nisi
976 1307 1221 1366 cautelis
1261 1306 1489 1366 laruare
1528 1308 1676 1367 sciat
1716 1307 1830 1367 sibi
1871 1308 2050 1386 leges,

616 1403 793 1462 Tunc
832 1402 1037 1464 dicent
1076 1403 1191 1476 alii,
1238 1404 1442 1464 deficit
1480 1415 1649 1465 actus
1690 1406 1763 1465 ei.

616 1501 715 1558 Sic
754 1509 923 1560 actus
966 1502 1095 1560 falsi
1136 1502 1295 1577 leges
1336 1501 1705 1563 confundere
1746 1504 1870 1563 veri

617 1599 906 1671 Preualet‚
952 1609 1013 1659 et
1052 1600 1219 1658 lucro
1259 1599 1393 1676 plus
1435 1600 1595 1676 capit
1636 1601 1780 1660 inde
1821 1619 1970 1677 su03

614 1697 712 1754 Sic
751 1715 891 1755 cum
933 1697 1267 1757 causidicus
1310 1697 1483 1758 fuerit
1524 1699 1871 1775 sapiencior‚
1915 1698 2106 1760 auctis

615 1795 838 1872 Legem
879 1794 1126 1855 cautelis
1166 1795 1451 1872 opprimit
1490 1796 1621 1872 ipse
1662 1797 1802 1856 suis,

614 1893 713 1952 Sic
752 1893 846 1952 lex
885 1911 994 1969 pro
1034 1893 1225 1953 forma
1265 1903 1445 1969 patet,
1490 1903 1549 1954 et
1588 1895 1823 1954 cautela
1860 1895 2052 1971 perita

614 1989 743 2050 Stat
784 2008 893 2067 pro
934 1990 1179 2049 materia
1220 1991 1467 2068 iuraque
1505 1991 1690 2050 vincit
1731 2009 1820 2051 ea.

694 2089 834 2148 Hec
876 2098 967 2148 est
1006 2088 1278 2164 linguosa
1317 2105 1481 2165 genS,
1526 2105 1647 2165 que
1688 2088 1815 2148 vult
1855 2088 2112 2166 litigiosa

614 2187 689 2245 In
729 2184 889 2244 falsis
930 2186 1125 2245 causis
1166 2185 1487 2246 vociferare
1526 2187 1730 2264 magis.

609 2284 756 2343 Vult
797 2283 911 2343 sibi
952 2283 1289 2344 causidicus
1330 2300 1565 2344 seruare
1606 2285 1859 2344 modum
1901 2284 2240 2357 meretriciS,

611 2383 750 2456 Que
790 2381 903 2440 nisi
946 2381 1021 2442 sit
1062 2381 1293 2440 donum
1334 2382 1523 2440 nescit
1562 2399 1764 2442 amare
1805 2382 2016 2454 virum,

610 2480 720 2538 Est
762 2489 839 2552 et,
884 2487 945 2537 vt
986 2478 1116 2555 ipse
1146 2478 1341 2551 ¹videS,
1387 2496 1625 2555 semper
1663 2480 1888 2539 venalis
1929 2478 2009 2540 ad
2050 2497 2301 2554 ornnes;

606 2579 839 2636 Aurum
881 2577 930 2636 si
972 2575 1086 2636 sibi
1123 2575 1250 2650 des,
1294 2594 1509 2654 corpus
1550 2575 1772 2637 habere
1812 2586 2002 2654 potes·

607 2675 796 2737 Cuius
836 2675 999 2734 enim
1039 2676 1271 2751 generis
1310 2684 1415 2734 aut
1455 2674 1679 2734 ordinis
1723 2685 1812 2735 est
1852 2677 2039 2735 homo
2079 2692 2378 2751 nusquam

605 2772 807 2846 Curat,
852 2773 999 2832 dum
1040 2772 1259 2849 poterit
1299 2773 1587 2850 quicquid
1628 2773 1851 2833 habere
1891 2774 2056 2833 lucri.

605 2872 690 2931 Vt
729 2871 825 2930 via
864 2871 1201 2930 communis
1242 2879 1394 2931 astat
1436 2871 1635 2930 Rome
1676 2871 2016 2948 peregriniS,

606 2968 730 3044 Qui
760 2969 1019 3029 -veniunt
1059 2969 1277 3028 sanctis
1318 2967 1567 3028 reddere
1608 2976 1748 3027 vota
1788 2968 1972 3041 locis,

606 3067 717 3126 Est
755 3067 839 3126 ita
878 3067 1131 3144 vulgaris
1172 3065 1453 3127 domibus
1497 3065 1589 3124 via
1628 3066 2090 3139 causidicorum,

605 3164 746 3240 Qua
785 3163 1051 3241 graditur
1090 3163 1349 3240 populus
1392 3162 1675 3238 donaque
1714 3162 1912 3222 reddit
1953 3163 2056 3222 εἰς.

604 3261 765 3321 Nam
807 3261 969 3320 velut
1008 3260 1239 3337 antiqui
1282 3259 1470 3318 iustos
1512 3259 1800 3318 strinxere
1839 3260 2071 3332 tiranni,

603 3359 727 3434 Qui
770 3369 1091 3419 renuerunt
1132 3356 1247 3417 diis
1288 3356 1539 3416 reddere
1581 3357 1753 3416 thura
1794 3358 1933 3429 suis,

602 3457 701 3517 Sic
741 3456 927 3517 modo
970 3455 1305 3514 causidicus
1347 3454 1575 3514 vicinos
1616 3453 1849 3531 stringit
1886 3471 2118 3528 auarus»,

600 3555 723 3631 Qui
773 3565 913 3614 sunt
952 3553 1125 3614 inviti
1166 3553 1315 3613 ferre
1356 3551 1577 3612 tributa
1617 3551 1750 3626 sibi,

598 3653 697 3714 Sic
737 3653 917 3712 video
956 3651 1209 3729 populos
1250 3650 1438 3711 modo
1478 3650 1807 3710 sacrificare
1846 3658 2088 3710 coactos

600 3751 924 3813 Causidico
965 3750 1127 3828 legis,
1172 3767 1249 3810 ne
1291 3750 1447 3810 male
1496 3749 1599 3810 fiat
1640 3749 1744 3809 eis.

598 3850 853 3909 Diuerse
892 3858 1115 3925 gentes,
1160 3856 1223 3906 vt
1262 3847 1479 3907 sufficit
1518 3847 1647 3924 ipsa
1686 3847 1952 3919 facultas,

600 3947 859 4007 Munera
897 3947 1133 4007 diuersa
1174 3946 1319 4007 dant
1361 3945 1476 4005 sibi
1516 3963 1661 4022 sepe
1701 3963 1896 4006 noua:

596 4045 903 4106 Conuenit
943 4043 1130 4105 immo
1170 4043 1297 4117 tibi,
1343 4045 1574 4104 donum
1616 4043 1667 4102 si
1708 4043 1916 4102 deficit
1952 4041 2095 4116 auri,

594 4145 825 4203 Munus
866 4153 927 4202 vt
970 4142 1196 4218 argenti
1236 4143 1345 4202 des
1386 4150 1726 4201 reuerenter
1765 4141 1857 4215 εἰς

596 4241 658 4302 Si
700 4249 902 4300 tamen
943 4249 1253 4317 argentum
1294 4258 1419 4298 non
1460 4249 1567 4313 est,
1611 4239 1866 4299 exennia
1903 4237 2088 4315 prebe

594 4339 713 4414 Illi,
753 4356 936 4416 quem
978 4337 1161 4398 saciat
1200 4346 1292 4398 est
1333 4336 1499 4415 quod
1540 4337 1603 4396 in
1642 4337 1790 4398 orbe
1832 4337 2032 4397 nichil.

1080 4466 1144 4516 31
1182 4467 1294 4502 mos
1320 4450 1603 4503 SCEHGT
1668 4465 1792 4502 mox
1813 4450 1988 4502 DLH:

2508 481 2512 486 ·
2539 485 2654 548 231

2594 1038 2660 1087 30

2589 2014 2657 2064 4ο

2581 2991 2650 3040 50

2571 3953 2640 4004 60
