3434 5142
782 426 901 486 190

1476 405 1676 470 VOX
1737 405 2279 471 CLAMANTIS

940 567 1022 624 Vt
1064 564 1214 625 deus
1257 583 1329 625 ex
1370 564 1555 626 verbo
1594 574 1776 625 staret
1817 567 1878 624 in
1922 583 2026 626 ore
2067 584 2217 626 suo:

940 664 1099 724 Cum
1142 681 1362 739 sponsa
1402 664 1655 723 Veneris
1697 664 1906 724 laudes
1947 664 2243 737 decantat,
2289 673 2349 725 et
2389 663 2518 724 eius

939 760 1221 822 Officium
1264 779 1499 821 summe
1538 762 1734 838 suplet
1774 762 2002 822 honore
2043 762 2192 822 dee:

938 859 1039 919 Sic
1079 877 1231 936 opus
1273 860 1333 917 in
1377 857 1556 919 basso
1597 869 2010 920 tenementum
2052 859 2340 919 construit
2379 860 2585 934 altum,

939 957 1129 1019 Cuius
1171 975 1353 1034 egens
1394 967 1574 1017 nocte
1614 956 1837 1017 fabrica
1879 957 2072 1034 poscit
2110 974 2306 1034 opem.

1021 1056 1078 1117 O
1120 1055 1309 1132 pietas
1349 1054 1555 1128 fratris,
1602 1073 1722 1132 que
1763 1055 1971 1115 circuit
2011 1065 2073 1116 et
2115 1055 2280 1114 iuuat
2321 1073 2554 1128 omneS‚

937 1154 1017 1214 Et
1057 1153 1205 1230 gerit
1244 1152 1485 1212 alterius
1528 1155 1613 1212 sic
1654 1154 1958 1229 pacienter
1998 1171 2187 1214 onus:

936 1253 995 1315 Ο
1037 1253 1141 1330 qui
1183 1269 1307 1311 non
1348 1251 1579 1310 animas
1620 1261 1872 1326 tantum,
1918 1261 2008 1312 set
2048 1269 2298 1328 corpora
2340 1260 2558 1323 nostra,

938 1351 1013 1410 In
1056 1349 1274 1409 sudore
1314 1367 1425 1408 suo
1467 1349 1836 1409 sanctificare
1877 1349 2056 1410 venit.

934 1447 1062 1506 Hic
1098 1456 1186 1507 est
1228 1447 1534 1506 confessor
1572 1447 1804 1506 domini
1830 1466 1989 1521 ·non,
2034 1457 2124 1507 set
2165 1447 2563 1522 dominarum,

937 1544 1059 1619 Qui
1102 1544 1288 1621 magis
1330 1556 1419 1603 est
1462 1543 1720 1604 blandus
1761 1563 1942 1621 quam
1984 1545 2284 1605 Titiuillus
2325 1547 2450 1606 eis:

937 1642 1064 1703 Hic
1102 1652 1194 1702 est
1232 1642 1539 1702 consessor
1579 1643 1749 1719 quasi
1791 1643 1884 1702 sur
1924 1661 2107 1720 quem
2149 1643 2312 1702 furca
2351 1643 2580 1715 fatetur,

935 1741 1034 1802 Sic
1075 1741 1217 1818 quia
1258 1740 1349 1800 ius
1391 1751 1661 1800 nostrum
1704 1741 1784 1801 de
1825 1742 2074 1802 muliere
2113 1742 2284 1818 rapit.

934 1839 1062 1898 Hic
1102 1848 1193 1898 est
1232 1839 1542 1899 consessor
1580 1839 1643 1898 in
1685 1840 1856 1916 peius
1897 1841 2001 1916 qui
2043 1840 2198 1900 male
2237 1839 2428 1912 vertit,

934 1935 1190 1997 Sordida
1230 1955 1493 2015 namque
1532 1937 1742 1997 lauans
1784 1937 2114 1998 sordidiora
2154 1937 2338 1998 facit:

934 2033 1159 2095 Pellem
1202 2052 1311 2110 pro
1350 2035 1523 2111 pelle,
1568 2034 1736 2112 quod
1776 2033 1959 2095 habet
1999 2034 2114 2095 sibi
2155 2035 2330 2095 frater
2369 2043 2430 2094 et
2471 2052 2653 2094 omne

934 2132 1051 2191 Pro
1093 2132 1279 2191 nostri
1320 2150 1556 2209 sponsa,
1601 2151 1665 2192 se
1706 2131 1876 2192 dabit
1915 2142 2098 2210 atque
2139 2151 2262 2193 sua.

936 2228 993 2289 O
1034 2229 1335 2306 condigna
1375 2231 1502 2290 viro
1542 2231 1643 2290 tali
1685 2231 1820 2307 quis
1861 2231 2086 2306 premia
2128 2231 2356 2304 reddet,

931 2328 1055 2386 Aut
1095 2327 1246 2387 deus
1287 2337 1391 2387 aut
1432 2327 1656 2388 demon
1673 2331 1701 2388 ?
1756 2329 1959 2388 vltima
1999 2329 2182 2389 verba
2221 2329 2430 2406 ligant.

934 2424 1170 2484 Peccati
1215 2426 1350 2485 finis
1392 2426 1503 2486 fert
1545 2444 1807 2502 namque
1850 2426 2148 2503 stipendia
2189 2427 2419 2500 mortiS,

935 2522 1045 2580 Est
1084 2521 1233 2582 dum
1274 2523 1450 2599 culpa
1489 2533 1659 2583 vetus
1700 2524 1879 2600 plena
1918 2524 2149 2599 pudore
2191 2541 2391 2584 nouo:

935 2619 1193 2694 Horum,
1239 2619 1507 2681 viuentes
1549 2621 1653 2697 qui
1696 2631 1784 2681 tot
1825 2621 2107 2680 miracula
2147 2629 2430 2697 prestant,

935 2717 1011 2776 In
1052 2716 1205 2777 libro
1246 2719 1453 2778 mortis
1496 2719 1743 2778 nomina
1782 2719 1998 2795 scripta
2039 2729 2301 2778 manent.

1014 2815 1181 2874 Inter
1220 2833 1363 2892 apes
1404 2817 1607 2876 statuit
1650 2827 1858 2876 natura
1899 2816 2065 2893 quod
2105 2834 2236 2877 esse
2278 2816 2612 2877 notandum

932 2913 1166 2986 Senci0,
1212 2932 1335 2991 quo
1376 2915 1591 2990 poterit
1631 2916 1808 2974 frater
1847 2913 2069 2974 habere
2111 2925 2336 2975 notam.

933 3013 1093 3071 Nam
1136 3011 1181 3071 si
1225 3023 1451 3090 pungat
1490 3014 1635 3089 apis,
1679 3013 1967 3090 pungenti
2011 3013 2188 3089 culpa
2227 3023 2538 3090 repugnat,

931 3109 1209 3184 Amplius
1252 3119 1312 3169 vt
1352 3109 1659 3169 stimulum
1700 3129 1826 3170 non
1870 3109 2052 3171 habet
2093 3110 2222 3187 ipse
2262 3128 2478 3185 suum3

932 3207 1199 3283 Postque
1240 3206 1408 3267 domi
1449 3206 1703 3268 latebras
1745 3217 1910 3268 tenet
1951 3219 2010 3268 et
2053 3227 2176 3267 non
2218 3209 2420 3268 euolat
2458 3207 2622 3281 vltra,

933 3302 1207 3364 Floribus
1250 3315 1312 3364 vt
1352 3306 1547 3382 campi
1590 3306 1932 3366 mellificare
1973 3315 2170 3383 queat.

932 3400 991 3462 O
1033 3401 1200 3475 deus,
1244 3402 1307 3461 in
1348 3403 1525 3462 simili
1568 3403 1759 3464 forma
1800 3404 1851 3464 si
1890 3403 2068 3463 frater
2106 3402 2341 3463 adulter

933 3500 1213 3560 Perderet
1255 3501 1543 3575 inflatum,
1588 3502 1738 3561 dum
1775 3502 2121 3574 stimularet,
2165 3518 2360 3574 acum,

932 3597 1210 3674 Amplius
1251 3607 1315 3658 vt
1356 3599 1531 3658 flores
1574 3617 1697 3659 non
1741 3599 1980 3676 colligat
2021 3599 2084 3658 in
2126 3597 2395 3672 muliere,

934 3695 1066 3754 Nec
1106 3713 1289 3772 vagus
1330 3714 1367 3755 a
1406 3695 1689 3757 domibus
1730 3706 1935 3773 pergat
1976 3695 2036 3754 in
2079 3695 2226 3757 orbe
2265 3697 2425 3756 suisl

934 3791 1132 3852 Causa
1172 3803 1444 3854 cessante
1486 3795 1628 3871 quia
1668 3804 1815 3853 tunc
1855 3803 2113 3854 cessaret
2153 3792 2231 3853 ab
2272 3792 2418 3871 ipsis

933 3889 1214 3964 Effectus,
1259 3908 1382 3968 quo
1424 3908 1587 3950 nunc
1628 3891 1798 3968 plura
1838 3891 2056 3969 pericla
2097 3892 2302 3952 latent.

2880 1161 2986 1212 860

2880 2143 2983 2208 ⁸70

2877 3119 2981 3170 880

838 4079 959 4137 Hic
1002 4082 1280 4150 loquitur
1328 4083 1601 4152 qualiter
1644 4083 1760 4140 isti
1813 4073 2053 4140 frah-es
2109 4082 2476 4141 inordinate
2531 4085 2832 4142 vidente·
2891 4085 2976 4140 ad

767 4170 1033 4225 ecclesie
1068 4167 1263 4224 cristi
1296 4173 1577 4240 regimen
1610 4187 1742 4226 non
1780 4173 1931 4226 nunt
1967 4171 2332 4240 aliqualiter
2367 4173 2740 4228 necessarii.

548 4281 747 4361 Capm.
774 4281 890 4342 xix.

1017 4284 1155 4342 Vna
1196 4281 1379 4342 michi
1419 4284 1569 4343 mira
1608 4303 1701 4344 res
1743 4295 1852 4358 est,
1896 4302 2079 4362 quam
2119 4295 2324 4348 mente
2364 4287 2688 4347 reuoluens

1658 4398 1760 4460 863
1794 4398 1888 4448 sed
1911 4412 2016 4449 non
2041 4398 2090 4448 D
