3434 5142
861 442 988 521 306
1564 438 1769 504 vox
1825 438 2367 505 cLAMAan

1105 598 1490 677 Longanimis
1529 601 1761 661 domini
1802 599 2105 662 sentencia
2144 618 2287 678 sepe
2326 610 2605 675 moratur,

1023 700 1131 758 Vir
1173 698 1368 759 bonus
1411 697 1672 758 inmunis
1713 718 1827 759 nec
1870 699 2060 759 malus
2101 699 2253 758 vllus
2295 700 2422 757 erit.

1024 797 1226 873 Quem
1267 796 1417 857 deus
1459 796 1557 856 ille
1599 797 1748 870 ferit,
1793 799 1960 857 nullo
2000 798 2155 857 valet
2196 795 2343 857 orbe
2382 797 2552 870 tueri,

1022 895 1086 955 Si
1129 912 1252 955 non
1295 894 1616 955 contritum
1659 895 1837 972 culpa
1875 895 2170 971 relinquat
2210 912 2366 955 eum.

1022 993 1284 1053 Mortem
1326 993 1628 1069 peccantis
1669 1010 1795 1052 non
1836 993 1963 1051 vult
2004 992 2171 1064 deus,
2216 992 2404 1051 immo
2446 990 2719 1053 misertus

1021 1090 1170 1149 Vult
1208 1098 1273 1149 vt
1313 1100 1587 1162 vertatur,
1635 1108 1759 1167 quo
1800 1089 1915 1150 sibi
1956 1090 2076 1150 vita
2118 1089 2325 1149 datur:

1023 1188 1136 1247 Est
1173 1187 1308 1263 pius
1347 1187 1478 1263 ipse
1520 1188 1687 1262 deuS,
1732 1188 2033 1265 scripturis
2074 1188 2227 1248 sicut
2268 1186 2580 1263 habemuS,

1024 1288 1141 1345 Pro
1181 1282 1460 1345 Sodomis
1501 1284 1745 1345 Abrahe
1784 1285 2011 1346 dixerat
2051 1286 2181 1362 ipse
2218 1285 2353 1362 pie:
2946 1310 3085 1346 1220

1027 1384 1228 1443 ‘Inter
1269 1381 1608 1459 iniquorum
1653 1392 1743 1443 tot
1786 1382 1947 1443 milia
1989 1394 2053 1443 tu
2096 1383 2456 1461 populorum

1024 1481 1242 1541 Redde
1283 1481 1496 1541 decem
1538 1481 1742 1555 iustos
1786 1492 1847 1541 et
1889 1481 2215 1542 miserebor
2256 1482 2357 1541 eis·

1024 1580 1135 1639 Est
1176 1576 1359 1638 michi
1399 1596 1540 1637 nam
1583 1580 1692 1639 soli
1736 1580 2039 1656 proprium
2082 1578 2309 1641 miseris
2352 1579 2630 1655 misereri,

1025 1677 1236 1737 Multis
1277 1694 1386 1755 pro
1425 1677 1630 1753 paucis
1669 1695 1911 1753 parcere
1948 1696 2095 1738 curo
2134 1677 2364 1739 libens’

1025 1774 1084 1837 O
1126 1775 1292 1848 deus,
1338 1792 1478 1853 ergo
1521 1774 1629 1834 tibi
1669 1776 1820 1852 quid
1862 1773 2076 1849 dicam,
2122 1776 2431 1852 quomodo
2473 1778 2659 1837 nostri

1027 1874 1253 1933 Luctus
1293 1870 1564 1932 continui
1607 1883 1747 1931 sunt
1786 1870 1897 1933 tibi
1940 1890 2099 1949 nuga
2138 1873 2355 1949 quasi?

1107 1971 1332 2030 Nonne
1372 1969 1586 2030 decem
1627 1970 1764 2029 iusti
1806 1970 1995 2030 modo
2036 1980 2191 2043 sunt,
2236 1971 2460 2029 meritis
2502 1980 2567 2031 vt
2604 1988 2813 2031 eorum

1026 2067 1281 2128 Stellifer
1319 2063 1448 2145 ipse
1489 2066 1618 2127 dies
1658 2078 1826 2127 curet
1867 2069 1931 2127 in
1972 2067 2119 2128 orbe
2160 2069 2393 2128 majos?

1027 2167 1151 2224 Aut
1192 2165 1342 2225 deus
1383 2164 1605 2225 oblitus
1647 2175 1739 2225 est
1779 2162 2097 2225 immemor
2132 2165 2215 2225 ad
2258 2165 2679 2237 miserandum,

1029 2263 1267 2322 Dormit
1309 2263 1405 2322 vel
1443 2262 1632 2339 fingit,
1675 2270 1780 2321 aut
1820 2261 1936 2322 sibi
1978 2262 2134 2321 facta
2174 2262 2377 2323 latent.
2940 2286 3081 2337 1230

1026 2360 1240 2420 Verius
1283 2370 1344 2420 vt
1385 2360 1598 2433 dicam,
1643 2360 1793 2420 deus
1836 2370 1926 2419 est
1966 2378 2269 2433 accensuS,
2316 2370 2377 2421 et
2416 2360 2569 2438 ignis

1029 2458 1331 2517 Fulminat
1371 2458 1516 2519 inde
1558 2456 1761 2529 Iacob,
1808 2457 2013 2533 iraque
2053 2458 2173 2517 lata
2212 2458 2387 2519 furit:

1027 2554 1128 2614 Sic
1167 2563 1228 2614 et
1269 2555 1498 2632 plasma
1539 2573 1714 2613 suum
1756 2555 2079 2631 plasmator
2117 2554 2413 2629 abhorret,
2456 2566 2518 2616 et
2556 2555 2753 2633 ipsum

1026 2653 1294 2729 Torquet
1333 2670 1442 2729 pro
1484 2651 1653 2710 factis
1692 2670 1814 2727 que
1854 2650 2016 2712 videt
2056 2653 2183 2729 ipse
2224 2653 2411 2712 malis.

1110 2747 1188 2821 O,
1233 2750 1336 2826 qui
1378 2746 1623 2807 mentali
1663 2748 1825 2808 videt
1866 2766 1939 2808 ex
1979 2750 2157 2809 oculo
2198 2750 2354 2809 mala
2394 2758 2599 2811 nostra

1031 2845 1333 2909 Omnibus
1375 2846 1438 2905 in
1478 2844 1761 2921 gradibus
1802 2846 2152 2906 continuare
2193 2846 2339 2921 dies,

1031 2946 1248 3006 Dicere
1289 2954 1434 3003 tunc
1473 2945 1690 3021 poterit
1731 2944 1897 3021 quod
1938 2944 2079 3003 talia
2117 2945 2317 3004 nullus
2354 2944 2435 3005 ab
2474 2962 2593 3006 euo

1033 3042 1339 3118 Impunita
1379 3039 1486 3101 diu
1526 3039 1777 3099 crimina
1817 3039 1964 3101 vidit
2004 3042 2205 3101 homo.

1031 3140 1185 3217 Quis
1213 3148 1401 3199 status
1441 3138 1540 3197 ille
1583 3138 1785 3211 modo,
1826 3137 1977 3215 quin
2018 3140 2095 3199 sit
2136 3150 2545 3216 transgressus,
2587 3149 2650 3201 >et
2690 3140 2860 3215 ord0,

1033 3238 1235 3313 Quem
1275 3237 1497 3297 iustum
1539 3236 1755 3308 dicam,
1800 3236 2004 3297 deficit
2044 3237 2205 3297 vnde
2244 3238 2445 3297 sciam.
2943 3262 3073 3312 1240

1035 3336 1179 3396 Hoc
1221 3335 1336 3395 nisi
1376 3332 1554 3410 gratis
1595 3344 1771 3407 emat,
1817 3333 2031 3394 dubito
2071 3349 2259 3411 prope
2300 3336 2466 3413 quod
2505 3336 2797 3413 generalis

1036 3434 1306 3494 Decasus
1348 3444 1548 3492 nostre
1588 3432 1989 3509 prosperitatis
2028 3431 2235 3493 adest:

1034 3533 1140 3593 Set
1179 3532 1320 3609 quia
1360 3532 1439 3592 de
1479 3529 1729 3590 summis
1768 3528 2050 3607 gradibus
2090 3532 2248 3590 mala
2288 3532 2758 3609 progrediuntur,

1039 3631 1149 3690 Est
1189 3630 1292 3707 qui
1333 3647 1604 3688 summus
1647 3646 1752 3688 eos
1794 3629 2045 3705 corrigat
2086 3628 2217 3705 ipse
2256 3629 2421 3689 deuS.

949 3832 1068 3886 Hie
1137 3832 1415 3901 loquitur
1483 3832 1602 3886 nub
1676 3831 2045 3899 compendio
2112 3831 2591 3899 recapitulando
2654 3831 2930 3889 finaliter
2998 3834 3074 3889 de

878 3920 1148 3987 singulis
1191 3920 1407 3974 mnndi
1453 3920 1775 3987 gradibus,
1822 3920 1927 3987 qui
1976 3918 2354 3986 singillatim
2410 3936 2453 3973 a
2496 3921 2709 3975 debito
2742 3921 3074 3976 dedentes

879 4008 1097 4062 ordine
1147 4008 1420 4064 virtutes
1477 4008 1877 4063 diminuendo
1928 4007 2283 4075 extingunt,
2345 4011 2412 4063 et
2462 4023 2542 4063 ea
2596 4024 2714 4077 que
2767 4009 3075 4065 viciorum

879 4099 1031 4152 sunt
1063 4096 1536 4163 ang-mentando
1571 4096 2000 4165 multipliciter
2034 4098 2349 4151 exercent.

621 4222 815 4297 Capu.
847 4216 999 4278 xxiii.
1122 4216 1373 4277 Dudum
1415 4217 1671 4293 prelatus
1709 4217 1907 4278 solum
1945 4217 2153 4278 diuina
2189 4216 2449 4294 gerebat,

1044 4315 1226 4373 Nunc
1264 4324 1504 4390 propter
1542 4314 1837 4375 mundum
1880 4316 2071 4375 nescit
2110 4314 2333 4374 habere
2372 4316 2594 4376 deum:

1044 4411 1299 4475 Curatus
1337 4428 1480 4472 cure
1516 4412 1751 4474 dudum
1788 4413 2050 4486 seruiuit,
2094 4424 2153 4473 et
2194 4410 2323 4489 ipse
