3434 5142
451 712 478 899 Ι

330 4456 430 4517 278
451 4454 496 4504 T
499 4453 623 4520 unc]
647 4454 735 4505 Sic
758 4453 938 4504 cun·

1078 471 1518 536 SECUNDA
1563 472 1797 536 PARS

497 630 599 691 Ad
639 630 831 707 regale
874 630 1027 690 latus
1070 631 1316 691 tandem
1356 628 1466 690 fuit
1507 628 1897 709 illaqueatus!

495 726 760 789 Tramite
799 727 1004 789 subtili
1045 726 1282 788 latitans
1320 729 1456 806 plus
1496 730 1674 807 vulpe
1715 728 1888 789 senili

496 826 630 885 Rex
667 826 869 886 studet
907 824 972 885 in
1013 826 1133 886 fine
1171 827 1474 887 Thomam
1516 836 1808 903 prostrare
1847 824 2033 887 ruine.

498 924 594 983 De
635 922 838 983 tribus-
859 922 1124 997 audisti&
1167 942 1308 983 cum
1349 942 1450 983 rex
1489 924 1682 983 scelus
1724 922 1923 983 intulit
1959 921 2102 997 istis,

496 1022 701 1081 Presul
741 1030 806 1081 vt
841 1020 1082 1082 adiutor
1119 1020 1230 1081 fuit
1269 1019 1384 1081 hiis
1425 1022 1881 1099 quodammodo
1920 1031 2097 1093 tutor,

497 1118 640 1177 Non
679 1128 888 1177 contra
925 1119 1135 1196 legem,
1179 1129 1272 1179 set
1307 1118 1390 1179 ab
1429 1116 1516 1177 ira
1554 1119 1793 1179 flectere
1834 1137 2034 1196 regem

495 1215 760 1276 Nomine
803 1216 1054 1295 pastoris
1093 1226 1488 1294 temptauerat
1525 1214 1809 1277 omnibus
1849 1214 2051 1276 horis:

496 1314 744 1393 Semper
783 1325 908 1376 erat
947 1314 1097 1387 talis,
1140 1326 1320 1375 restat
1361 1315 1510 1376 dum
1551 1333 1687 1393 spes
1728 1311 2018 1392 aliqualis,

496 1409 559 1483 Si
601 1424 808 1474 contra
847 1423 1102 1473 mortem
1142 1422 1375 1490 poterat
1414 1413 1676 1472 saluasse
1714 1414 2045 1473 cohortem.

497 1510 630 1571 Rex
670 1511 804 1572 tulit
844 1513 962 1571 hoc
1003 1510 1184 1585 triste,
1227 1509 1369 1587 quia
1409 1508 1813 1573 cancellarius
1855 1509 1967 1571 iste

497 1609 796 1689 Tempore
837 1630 960 1689 quo
1001 1609 1195 1670 stabat
1235 1610 1346 1669 hos
1389 1620 1507 1669 tres
1545 1619 1891 1669 constanter
1928 1606 2209 1681 amabat3

496 1705 595 1766 Sic
634 1718 979 1785 procurator
1018 1706 1152 1785 pius
1191 1704 1382 1765 extitit
1417 1716 1478 1765 et
1517 1704 1827 1779 mediator,

497 1804 704 1864 Cartas
743 1806 910 1883 quod
953 1803 1138 1881 Regis
1178 1803 1516 1864 habuerunt
1555 1822 1803 1863 munere
1843 1801 2003 1881 legis.

497 1890 802 1963 Pontificis
844 1921 1012 1963 more
1052 1900 1272 1961 summi
1312 1919 1422 1979 pro
1463 1900 1614 1978 regis
1653 1919 1859 1961 amore

496 1998 596 2059 Sic
634 2018 848 2077 pacem
886 1998 1084 2073 mittit,
1127 1997 1336 2059 mortis
1375 1998 1762 2076 gladiumque
1802 1996 2086 2059 remittit:

499 2099 636 2157 Hec
675 2096 759 2157 ita
799 2096 1050 2169 fecisset,
1095 2106 1340 2174 pactum
1381 2094 1434 2155 si
1471 2114 1574 2157 rex
1613 2094 1919 2168 tenuisset,

496 2195 598 2253 Set
639 2213 756 2271 que
795 2192 1012 2254 iurauit
1053 2192 1252 2265 hodie,
1297 2211 1426 2252 cras
1465 2192 1647 2253 verba
1687 2190 1943 2270 negauit.

497 2292 737 2355 Cernite
777 2313 886 2371 pro
929 2292 1090 2403 quali
1131 2294 1308 2370 culpa
1347 2290 1536 2369 magis
1575 2290 1640 2351 in
1681 2290 1925 2371 speciali

497 2391 772 2452 Pontifici
813 2390 914 2452 tali
955 2390 1085 2452 sine
1125 2410 1306 2453 causa
1345 2388 1632 2451 materiali

495 2490 628 2549 Rex
667 2488 778 2550 fuit
817 2488 1014 2563 iratae,
1057 2500 1148 2550 set
1189 2500 1250 2549 et
1287 2490 1470 2549 altera
1509 2507 1690 2549 causa
1730 2498 1926 2549 reatus

497 2588 605 2647 Est
644 2589 779 2664 plus
818 2598 1059 2661 secreta,
1104 2598 1248 2647 tunc
1291 2588 1490 2647 Rome
1529 2586 1776 2663 quando
1820 2596 2061 2647 moneta

494 2682 753 2745 Simonis
795 2705 869 2745 ex
907 2696 1074 2763 parte
1112 2704 1330 2763 papam
1372 2682 1680 2745 concludit
1720 2683 1783 2743 in
1823 2696 1964 2745 arte.
2042 2716 2050 2726 -

497 2784 657 2845 Ecce
696 2802 802 2861 per
841 2784 949 2843 has
991 2802 1198 2845 causas
1239 2782 1354 2843 sub
1395 2780 1546 2860 regis
1587 2790 1831 2859 pectore
1870 2784 2101 2843 clausas

494 2882 640 2940 Hoc
679 2881 872 2942 scelus
914 2880 1136 2942 obiecit
1177 2881 1431 2953 Thome‚
1476 2878 1582 2957 qui
1624 2878 1709 2939 nil
1753 2882 1907 2939 male
1948 2878 2106 2940 fecit.

496 2976 676 3054 Regis
719 2979 978 3038 fautores
1020 2998 1199 3055 super
1237 2979 1356 3037 hoc
1397 2988 1600 3037 tamen
1641 2975 1963 3037 anteriores

493 3074 827 3136 Fraudibus
867 3075 1182 3135 obtentum
1223 3075 1592 3135 concludunt
1632 3072 2130 3151 parliamentum,
2116 3096 2129 3107 ·

492 3172 592 3233 Sic
631 3175 710 3233 de
749 3171 913 3231 finali
951 3192 1054 3233 rex
1091 3173 1358 3250 pondere
1397 3169 1661 3232 iudiciali

495 3269 689 3330 Exilio
727 3242 918 3331 demit
957 3271 1275 3342 Thomam,
1316 3288 1429 3330 nec
1468 3286 1672 3329 amore
1711 3267 2005 3329 redemit:

493 3368 592 3428 Sic
633 3378 799 3445 pater
838 3367 1068 3444 absque
1108 3386 1266 3445 pare,
1309 3385 1491 3444 quem
1533 3386 1634 3427 rex
1673 3365 1953 3444 spoliauit
1992 3384 2185 3439 auare,

494 3468 696 3526 Partes
736 3465 969 3543 ignotas
1009 3474 1153 3526 tunc
1195 3464 1388 3543 querit
1427 3465 1648 3525 habere
1687 3475 1962 3524 remota-5.

491 3565 666 3623 Tunc
707 3562 840 3641 pius
881 3561 1150 3623 Antistes
1189 3582 1362 3623 casus
1401 3582 1512 3641 pro
1552 3574 1821 3641 tempore
1862 3561 2057 3623 tristes

494 3660 773 3735 Sustinet,
817 3671 878 3722 et
918 3679 1122 3721 curam
1163 3670 1360 3739 sperat
1399 3678 1680 3721 reuocare
1718 3662 2013 3721 futuram:

493 3758 724 3821 Cristus
763 3778 904 3821 eum
945 3760 1141 3831 ducat,
1185 3760 1374 3819 saluet
1413 3778 1534 3837 que
1573 3760 1763 3818 salute
1803 3760 2063 3831 reducat,

501 3856 600 3918 Sic
641 3867 706 3918 vt
745 3868 990 3934 vterque
1032 3866 1218 3917 status
1260 3856 1338 3916 sit
1377 3855 1434 3916 ei
1473 3876 1615 3916 cum
1656 3858 1837 3917 laude
1877 3857 2104 3916 beatus.

577 3954 635 4016 O
675 3954 864 4026 dolor,
907 3956 1026 4014 hoc
1065 3972 1228 4014 anno
1267 3972 1392 4031 quo
1430 3951 1618 4013 creuit
1656 3972 1880 4032 pompa
1918 3952 2188 4013 tiranno!

416 4104 428 4119 ,
495 4049 620 4129 Qui
659 4052 834 4123 feruS,
878 4061 941 4110 vt
980 4050 1142 4124 dicit,
1187 4050 1378 4111 voluit
1417 4069 1570 4129 quos
1610 4049 1864 4123 vincere,
1910 4050 2066 4111 vicit.

495 4148 662 4205 Dum
702 4145 896 4204 scelus
936 4145 1056 4204 hoc
1095 4154 1288 4218 restat,
1333 4164 1510 4222 super
1549 4163 1761 4204 omnes
1800 4154 1917 4204 tres
1959 4143 2309 4217 manifestat,

495 4246 592 4305 De
631 4241 850 4321 quibus
891 4242 954 4301 in
994 4252 1172 4320 gente
1211 4252 1328 4303 stat
1366 4260 1482 4301 vox
1520 4238 1743 4302 variata
1780 4252 2059 4320 repente:

493 4338 760 4417 Quidam
800 4338 1121 4414 constricti,
1165 4338 1410 4417 quidam
1451 4340 1531 4400 de
1573 4358 1821 4401 munere
1860 4338 2001 4400 victi

1123 4452 1222 4516 ⁹⁸4
1244 4453 1450 4519 margin
1471 4454 1720 4517 precipue
1742 4468 1843 4505 om.
1868 4452 1966 4504 CH

2436 1808 2535 1862 260

2432 2802 2529 2855 ²70

2436 3769 2529 3817 280

2142 4456 2241 4515 285
2264 4454 2457 4503 var-iate
2480 4451 2523 4502 C

2562 492 2685 556 327

2558 658 2661 707 que
2714 646 2928 707 insuper
2984 644 3176 707 absque

2560 710 2664 760 vno
2732 711 2909 759 mundi
2978 712 3176 760 releua-

2559 776 2713 838 mine‚
2738 776 2906 825 solum
2928 776 3081 827 deum
3098 792 3177 826 re-

2439 850 2535 902 ²50
2559 842 2786 891 clamans
2819 841 2944 891 exul
2976 850 3030 891 et
3052 858 3177 905 pau·

2558 921 2654 969 per
2666 908 2733 956 ab
2746 907 2937 969 Anglia
2943 908 3171 958 recessit.

2626 996 2729 1047 Hie
2745 998 2973 1047 declarat
2984 998 3179 1061 aliqua-

2560 1061 2678 1111 liter
2714 1063 2961 1125 figmenta
2998 1080 3177 1113 causa-

2560 1143 2671 1177 rum
2676 1130 3178 1192 ,perquaspontifex

2558 1194 2883 1255 supradictus
2920 1211 2953 1244 a
2994 1195 3180 1259 parlia-

2560 1266 2736 1309 mento
2800 1267 2923 1309 tunc
2986 1260 3177 1310 absens

2560 1331 2739 1374 contra
2780 1340 2984 1374 omnem
3036 1326 3178 1375 iusti-

2560 1389 2708 1450 ciam,
2718 1396 2775 1438 vt
2788 1390 3019 1451 audistis,
3035 1391 3175 1439 exilii

2558 1458 2878 1505 sentenciam
2901 1458 2968 1505 ab
2990 1456 3179 1519 impro-

2557 1522 2674 1569 uiso
2694 1522 2842 1637 {ut-si
2866 1522 3073 1573 nescius
3102 1523 3177 1571 in-

2558 1601 2709 1637 curre
2743 1602 2776 1635 a

2625 4052 2727 4103 Hic
2754 4059 2928 4102 narrat
2956 4053 3175 4116 qualiter
3192 4110 3197 4115 ,

2556 4118 2643 4167 vix
2660 4134 2794 4167 vnus
2810 4124 2901 4168 aut
2916 4119 2983 4167 de
3006 4126 3173 4169 morte

2555 4193 2643 4233 aut
2656 4185 2723 4234 de
2736 4184 2912 4245 exilio,
2925 4186 3172 4247 precipue

2554 4251 2709 4299 trium
2718 4264 2986 4313 procerum
2996 4265 3173 4312 supra-

2553 4316 2823 4380 dictorum,
2840 4316 3049 4378 aliquod
3063 4331 3171 4366 ver·
