3434 5142
797 451 922 495 220
1326 484 1403 512 ‚,
1475 379 1694 498 vox
1749 431 2294 497 CLAMANTIS

1174 509 1325 542 ὀ--.κ“’“”ν

962 592 1065 652 Set
1106 589 1208 669 qui
1252 590 1541 651 iudicium
1580 593 1778 652 cordis
1819 593 1944 652 vult
1984 592 2234 654 reddere
2277 592 2516 666 iustum,

962 689 1164 750 Credo
1205 689 1373 766 quod
1411 698 1552 749 ante
1594 689 1779 750 deum
1823 708 1888 750 se
1929 689 2099 750 dabit
2139 689 2286 752 inde
2325 708 2515 750 reum.

964 787 1196 850 Omnes
1237 805 1499 864 namque
1540 788 1717 848 lucris
1759 788 1846 848 sic
1887 788 2190 848 tendimus
2231 787 2516 849 omnibus
2555 787 2733 862 horis,

966 884 1154 959 Quod
1193 885 1313 944 iam
1354 884 1505 946 festa
1545 885 1664 946 deo
1708 885 1806 944 vix
1847 895 2051 946 manet
2091 904 2209 945 vna
2249 886 2397 946 dies,

965 982 1024 1043 O
1066 1000 1248 1059 quam
1292 982 1517 1043 Iudeus
1558 983 1791 1043 domini
1833 1001 1999 1042 sacra
2039 981 2290 1043 sabbata
2331 993 2544 1056 seruat,

967 1081 1109 1140 Non
1152 1080 1420 1141 vendens
1461 1099 1576 1142 nec
1616 1099 1846 1156 emens,
1886 1099 2000 1140 nec
2042 1079 2157 1140 sibi
2199 1081 2360 1140 lucra
2399 1083 2646 1158 petens!

968 1179 1093 1238 Lex
1133 1178 1339 1239 diuina
1379 1176 1564 1251 iubet,
1606 1178 1773 1256 quod
1813 1179 1998 1238 homo
2040 1196 2149 1238 sua
2189 1177 2438 1239 sabbata
2477 1186 2684 1250 sacret,

966 1277 1431 1354 Sanctificetque
1471 1277 1650 1351 diem,
1696 1295 1821 1354 quo
1861 1277 2022 1338 colat
2063 1278 2190 1354 ipse
2232 1277 2433 1337 deum.
2912 1283 3016 1348 690

968 1374 1125 1435 Cum
1168 1374 1397 1450 plueret
1438 1392 1659 1434 manna
1700 1393 1806 1452 per
1847 1374 2152 1434 desertum
2193 1374 2346 1435 deus
2385 1373 2549 1449 olim,

970 1470 1158 1547 Quod
1198 1472 1338 1532 fecit
1376 1471 1635 1549 populus
1676 1481 1823 1532 tunc
1863 1472 2049 1532 modo
2091 1472 2258 1550 signa
2301 1481 2502 1532 notat:

973 1569 1216 1647 Duppla
1254 1569 1357 1630 die
1396 1581 1561 1630 sexta
1602 1569 1894 1631 tollebant
1935 1571 2106 1643 facta,
2151 1568 2418 1630 laborem

973 1666 1337 1741 Ostendant,
1382 1668 1523 1745 quia
1563 1668 1663 1728 lux
1704 1669 1960 1746 septima
1999 1668 2191 1728 nescit
2231 1686 2405 1745 opuS.

974 1765 1199 1826 Omnia
1239 1775 1330 1825 set
1370 1767 1532 1826 licita
1571 1777 1711 1827 sunt
1752 1765 1929 1827 nobis
1970 1766 2102 1844 lege
2141 1767 2473 1827 moderna:

974 1862 1277 1940 Respectu
1319 1863 1466 1922 lueri
1504 1864 1651 1942 quid
1693 1883 1861 1924 sacra
1903 1864 2054 1924 festa
2094 1863 2278 1926 miehi
2301 1866 2329 1924 Ρ
2495 1933 2500 1937 .

976 1960 1079 2020 Nil
1120 1962 1307 2022 modo
1347 1972 1601 2036 curatur,
1645 1980 1766 2040 qua
1807 1961 1999 2022 forma
2039 1961 2295 2039 quisque
2335 1963 2607 2035 lucratur,

976 2060 1142 2118 Dum
1182 2069 1386 2120 tamen
1429 2060 1557 2137 ipse
1597 2078 1776 2121 suum
1817 2060 2008 2138 possit
2048 2059 2270 2121 habere
2312 2060 2562 2121 lucrum.

976 2157 1095 2215 Dic
1135 2156 1319 2216 michi
1361 2157 1495 2234 quis
1536 2159 1736 2219 socius
1777 2167 1868 2218 est
1907 2167 2013 2218 aut
2055 2157 2165 2218 tibi
2207 2176 2380 2218 carus
2419 2159 2665 2230 amicus,

975 2254 1165 2315 Cuius
1206 2255 1480 2314 amicicia
1520 2254 1633 2315 fert
1675 2254 1786 2314 tibi
1828 2256 1992 2316 nulla
2031 2256 2212 2316 lucra.
2922 2275 3020 2328 700

977 2352 1094 2411 Dic
1136 2351 1321 2413 modo
1365 2353 1499 2429 quis
1540 2353 1690 2413 ciuis
1732 2362 1937 2415 manet
1978 2371 2187 2430 expers
2227 2353 2451 2414 ftaudis
2493 2353 2556 2413 in
2597 2351 2777 2414 vrbet

976 2449 1039 2508 Si
1079 2449 1255 2509 fuerit
1296 2450 1447 2522 talis,
1489 2449 1628 2511 vrbs
1670 2469 1807 2511 mea
1846 2451 1944 2511 vix
1984 2452 2096 2512 scit
2135 2469 2290 2512 eum.
2342 2436 2356 2442 ”

886 2652 1007 2708 Hic
1059 2653 1338 2721 loquitur
1383 2652 1462 2707 de
1509 2653 1677 2708 binis
1723 2653 2024 2710 Anarieie
2069 2652 2339 2719 filiabus,
2394 2652 2640 2710 scilicet
2691 2650 2902 2708 Vnum
2957 2655 3024 2708 et

817 2741 1079 2806 Fraude,
1103 2756 1225 2810 que
1247 2741 1317 2796 in
1350 2741 1615 2796 ciuitate
1647 2743 1929 2798 oriente·
1961 2741 2041 2796 ed
2065 2742 2294 2797 ciuium
2316 2741 2806 2810 negociaeionee
2828 2756 3024 2799 secre-

817 2833 950 2885 tum
973 2831 1266 2900 prestant
1291 2828 1682 2898 obsequium.
1755 2830 1872 2886 Set
1893 2830 2096 2899 primo
2121 2831 2290 2886 dicet
2306 2828 2384 2885 de
2409 2829 2776 2886 condicione
2799 2829 3022 2894 venre,

819 2933 940 2988 que
963 2916 1144 2974 vrbis
1167 2917 1637 2988 potent-{oribus
1665 2932 1786 2973 sua
1808 2917 1949 2973 iura
1975 2917 2314 2988 specialius
2335 2917 2680 2973 ministrat.

619 3042 816 3119 Capm.
846 3041 942 3102 xii.
1069 3039 1127 3103 O
1168 3057 1349 3118 quam
1393 3037 1639 3101 subtiles
1682 3041 1868 3100 Fraus
1907 3057 1978 3100 ac
2018 3040 2214 3099 Vsura
2253 3057 2485 3100 sorores

982 3137 1151 3211 Sunt,
1197 3136 1417 3215 quibus
1458 3134 1667 3198 vrbani
1707 3137 1856 3198 dant
1895 3155 2004 3198 sua
2045 3137 2172 3197 iura
2211 3138 2418 3214 quasi!

985 3236 1125 3297 Hee
1166 3236 1399 3296 fuerant
1437 3236 1638 3313 genite
1678 3235 1932 3296 diuersis
1971 3234 2237 3314 patribus
2279 3235 2440 3309 vrbe,

984 3335 1155 3410 Quas
1194 3334 1425 3412 peperit
1466 3334 1593 3394 sola
1632 3342 1822 3394 mater
1862 3334 2178 3409 Auaricia;

986 3430 1098 3492 Est
1135 3440 1303 3509 pater
1341 3432 1537 3491 Vsure
1574 3449 1827 3508 magnus
1865 3431 2160 3508 diuesque
2200 3441 2458 3505 monete,

990 3529 1102 3590 Est
1142 3530 1329 3590 Fraus
1370 3539 1431 3590 et
1471 3529 1651 3607 vulgo
1690 3530 2050 3606 degenerata
2089 3539 2331 3606 stupro:

989 3627 1089 3687 Sic
1130 3645 1297 3687 soror
1337 3628 1534 3686 Vsura
1572 3635 1689 3686 stat
1731 3625 1992 3686 nobilior
2029 3626 2318 3704 genitura,

991 3725 1194 3800 Quam
1235 3725 1453 3784 clamat
1494 3733 1697 3784 natam
1739 3725 1911 3784 diues
1952 3725 2173 3786 habere
2214 3744 2402 3786 suam.
2933 3741 3029 3796 710

989 3821 1213 3882 Nititur
1252 3820 1365 3882 hec
1407 3839 1651 3898 magnas
1692 3820 1808 3881 sub
1848 3821 2018 3882 claue
2059 3822 2384 3884 recondere
2425 3839 2708 3897 summas,

992 3919 1085 3978 Ex
1124 3918 1344 3996 quibus
1385 3919 1630 3980 insidias
1672 3919 1901 3995 perficit
1941 3919 2070 3996 ipsa
2111 3937 2285 3980 suas:

994 4017 1119 4076 Ista
1160 4035 1325 4077 soror
1364 4018 1632 4094 dampno
1672 4017 1866 4078 solum
1909 4017 2067 4093 viget
2107 4035 2181 4078 ex
2217 4017 2434 4090 alieno,

994 4114 1255 4175 Alterius
1296 4115 1559 4193 dampna
1601 4115 1748 4176 dant
1789 4115 1904 4176 sibi
1945 4114 2095 4176 ferre
2136 4116 2336 4176 lucra:

995 4211 1106 4272 Est
1146 4229 1313 4274 soror
1351 4213 1463 4272 ista
1504 4222 1734 4288 potens,
1777 4213 1942 4275 aulas
1983 4231 2105 4291 que
2143 4213 2352 4274 struxit
2393 4213 2455 4272 in
2495 4210 2660 4288 vrbe,

996 4311 1076 4370 Et
1116 4318 1319 4370 tamen
1358 4320 1617 4388 agrestes
1657 4311 1906 4388 dissipat
1945 4311 2074 4389 ipsa
2115 4311 2369 4386 domos;

996 4408 1123 4469 Ista
1162 4425 1329 4470 soror
1366 4407 1563 4470 ciuem
1606 4409 1774 4484 ditat,
1819 4418 1910 4472 set
1951 4409 2154 4472 militis
2195 4427 2408 4470 aurum
