3434 5142
1168 466 1257 529 LI
1270 464 1454 531 BER
1512 466 1878 535 PRIMUS
2537 494 2622 559 55

577 625 888 704 Quicquid
928 636 1054 688 erat
1092 625 1247 689 sorte
1284 628 1567 689 manibus
1605 628 1944 693 succumbit
1984 650 2210 708 eorum,

575 724 734 784 Vrbs
774 741 894 801 que
933 742 1171 785 summa
1210 725 1336 800 suit,
1380 726 1533 789 cede
1572 746 1838 805 repressa
1875 731 2032 793 ruit:

575 821 867 883 Turribus
907 822 1133 883 euersis
1171 823 1419 885 inuenta
1458 822 1680 885 cibaria
1720 834 1970 902 vastant,

579 920 805 981 Omnia
844 920 1132 997 diripiunt
1172 940 1292 999 que
1332 923 1579 984 meliora
1619 925 1832 985 sciunt.

659 1020 758 1078 Fit
799 1036 997 1080 nouus
1035 1038 1179 1097 ergo
1219 1020 1407 1095 dolor,
1454 1022 1523 1081 fit
1562 1022 1853 1098 planctus,
1899 1023 2096 1085 luctus
2137 1025 2400 1100 intrudat,

579 1117 800 1177 Deuiat
840 1136 877 1177 a
917 1117 1081 1177 cultu
1122 1118 1275 1195 regis
1316 1118 1515 1196 iniqus
1555 1120 1779 1183 homo:
2487 1134 2620 1185 1180

578 1216 793 1275 Annos
834 1232 942 1293 per
980 1225 1225 1275 centum
1267 1225 1494 1277 veteres
1535 1236 1691 1295 quos
1731 1218 1978 1281 duxerat
2019 1231 2163 1294 etas,

578 1312 835 1373 Flebant
872 1313 953 1373 de
992 1332 1136 1373 casu
1176 1332 1360 1391 quem
1400 1314 1570 1376 dedit
1610 1334 1728 1377 vna
1767 1317 1915 1379 dies.

579 1412 722 1472 Plus
764 1428 947 1488 quam
986 1410 1169 1488 piscis
1206 1430 1429 1489 aquam
1468 1413 1663 1475 rabies
1704 1416 1872 1494 cupit
1915 1416 2042 1494 ipsa
2081 1434 2372 1492 cruorem,

581 1510 755 1571 Pacis
794 1510 859 1569 in
899 1510 1185 1571 auxilium
1227 1528 1341 1571 nec
1381 1511 1661 1573 miserere
1702 1512 1902 1576 iuuat:

581 1610 699 1668 Pro
740 1618 884 1669 nato
920 1608 1157 1685 genitor
1196 1610 1245 1669 si
1286 1608 1469 1671 verba
1509 1612 1826 1688 precancia
1865 1612 2031 1688 dixit,

580 1706 819 1768 Corruit
859 1724 933 1767 ex
972 1705 1157 1768 verbo
1195 1724 1371 1769 cesus
1410 1720 1657 1786 vterque
1696 1711 1912 1773 simul:

579 1804 643 1865 Si
683 1804 919 1867 veniam
960 1815 1209 1881 peteres,
1252 1805 1425 1867 fleres
1466 1818 1527 1868 et
1566 1807 1647 1868 ad
1687 1808 1806 1869 hoc
1849 1810 2026 1871 maris
2066 1810 2272 1886 vndas,

582 1904 725 1964 Non
764 1913 967 1964 tamen
1009 1902 1125 1964 hee
1165 1904 1421 1982 lacryme
1462 1906 1730 1982 pondera
1770 1907 1936 1968 vocis
1971 1907 2214 1969 habent.

581 2003 758 2061 Tunc
796 2002 986 2078 magis
1026 2001 1349 2063 indomitas
1389 2004 1645 2064 ardescit
1686 2005 1896 2082 vulgus
1939 2006 2001 2066 in
2043 2008 2172 2080 iraS,

581 2100 665 2161 Vt
708 2100 897 2161 rediat
936 2101 1127 2176 pietas
1168 2100 1252 2159 nil
1292 2102 1531 2163 valuere
1572 2120 1817 2179 preces:
2497 2128 2624 2183 1190

576 2188 971 2275 Consumptis
1012 2198 1289 2276 precibus
1330 2200 1551 2261 furiens
1592 2200 1918 2262 violencior
1957 2210 2119 2262 extat

582 2296 885 2371 Rusticus,
929 2307 991 2356 et
1030 2296 1199 2373 peius
1241 2298 1408 2375 quod
1450 2298 1605 2359 valet
1646 2298 1776 2375 ipse
1816 2298 1970 2359 facit.

579 2396 682 2456 Sic
720 2414 836 2459 nec
874 2413 1019 2477 aper
1056 2396 1259 2459 media
1298 2396 1451 2457 silua
1489 2406 1613 2459 tam
1656 2415 1836 2458 seuus
1877 2397 1940 2457 in
1981 2398 2068 2459 ira

583 2494 901 2556 Fulmineo
942 2494 1184 2572 rapidos
1224 2504 1500 2557 conrotat
1538 2513 1643 2558 ore
1682 2514 1867 2558 canes
1889 2517 1912 2571 3

585 2593 751 2669 Quin
792 2592 979 2653 cicius
1019 2592 1220 2669 verbo,
1265 2592 1431 2657 furiis
1472 2593 1641 2673 quod
1681 2594 1916 2669 dixeris
1959 2612 2083 2657 vno

582 2691 883 2752 Sensisses
922 2691 1115 2755 lesum
1158 2690 1221 2751 in
1261 2701 1443 2767 caput
1480 2710 1647 2752 arma
1686 2701 1877 2754 tuum.

664 2788 1003 2851 Consusum
1044 2798 1213 2851 tanto
1253 2788 1453 2851 subite
1490 2798 1711 2851 terrore
1753 2790 1938 2864 ruine,

583 2887 701 2947 Vix
741 2905 931 2965 genus
973 2887 1301 2964 ingenuum
1342 2889 1453 2949 scit
1492 2905 1681 2965 genus
1721 2906 1856 2949 esse
1895 2906 2090 2951 suum.

587 2985 842 3063 Diffugit
880 2984 1193 3069 ingenuuS,
1237 2994 1426 3064 vagat,
1469 2996 1531 3047 et
1570 3004 1685 3047 nec
1727 2986 2005 3049 menibus
2046 2985 2205 3047 vrbis

587 3086 711 3143 Aut
752 3100 1067 3144 nemorum
1107 3082 1347 3145 latebris
1388 3084 1500 3145 fert
1538 3083 1675 3145 loca
1713 3094 1842 3145 tuta
1881 3084 2060 3145 satis:
2498 3107 2520 3143 1
2533 3107 2628 3143 200

586 3182 759 3243 Mille
797 3182 1015 3245 domos
1054 3180 1205 3244 adiit
1243 3190 1466 3243 sortem
1508 3183 1835 3259 repetendo
1876 3183 2096 3257 salutis,

544 3342 551 3351 ,
585 3281 689 3341 Set
730 3266 926 3358 potuit
964 3280 1132 3345 nullo
1174 3280 1323 3341 ferre
1362 3280 1566 3357 quieta
1604 3280 1780 3343 loco:

588 3380 646 3440 Ν
650 3398 771 3440 unc
810 3379 946 3452 huc,
988 3396 1154 3439 nunc
1194 3378 1351 3453 illuc,
1396 3378 1567 3455 quasi
1609 3378 1809 3439 mocio
1851 3376 2030 3440 nubis
2070 3395 2314 3457 aquose,

587 3478 665 3539 Se
706 3487 911 3537 mouet
954 3477 1264 3554 ingenuus,
1308 3476 1377 3537 fit
1417 3494 1616 3553 neque
1658 3476 1828 3539 firma
1869 3474 2063 3537 salus:

586 3577 697 3637 Vir
735 3574 919 3637 cubat
958 3575 1023 3637 in
1063 3575 1277 3654 puteis,
1320 3572 1577 3637 latebras
1618 3575 1806 3653 magis
1847 3584 2016 3653 optat
2055 3574 2301 3649 Auerni,

588 3675 789 3750 Quam
835 3674 1125 3751 periturus
1166 3682 1308 3747 erat,
1351 3672 1499 3735 dum
1540 3672 1768 3733 latitare
1809 3682 2006 3750 queat.

588 3774 647 3832 A
686 3773 851 3834 siluis
892 3772 1059 3845 silue,
1104 3782 1194 3835 set
1234 3771 1313 3833 ab
1354 3771 1513 3833 aruis
1550 3788 1694 3831 arua
1735 3771 2075 3844 timescunt,

589 3868 747 3932 Vrbs
788 3880 851 3931 et
890 3868 969 3935 ab
1009 3868 1173 3945 vrbe,
1218 3870 1386 3931 locus
1426 3868 1619 3933 nescit
1660 3867 1882 3929 habere
1923 3868 2072 3929 loca.

590 3968 793 4045 Quam
834 3966 1037 4029 subito
1076 3968 1300 4047 positas
1340 3966 1599 4045 aspergit
1638 3966 1928 4043 sanguine
1969 3983 2208 4026 mensas

496 4124 511 4139 ,
593 4066 705 4127 Ille
744 4066 922 4139 furor,
965 4066 1137 4125 cuius
1178 4066 1405 4127 horruit
1445 4074 1580 4125 acta
1620 4064 1809 4125 deus!
2506 4080 2633 4122 1210

590 4164 925 4242 Spersaque
962 4163 1305 4239 sanguineis
1346 4162 1706 4223 maduerunt
1747 4158 1968 4239 pabula
2005 4161 2204 4239 guttiS,

590 4261 725 4323 Nec
764 4261 943 4349 locus⁹
970 4271 1077 4323 aut
1117 4260 1415 4323 thalamus
1456 4260 1563 4323 dat
1602 4259 1738 4320 loca
1775 4259 1942 4319 salua
1982 4259 2136 4321 viris.

496 4406 631 4455 ¹19⁰
660 4391 843 4443 redeat
865 4392 908 4441 C
1084 4406 1215 4454 1199
1246 4405 1409 4453 vagus
1434 4391 1483 4440 D
1657 4389 1790 4440 1206
1821 4388 1990 4451 Quem
2016 4390 2065 4439 D
2239 4402 2371 4451 1209
2402 4383 2634 4449 mensas]

423 4466 673 4521 maumas
694 4470 746 4520 D
946 4484 1073 4521 ποια
1104 4469 1255 4520 locus
1276 4468 1319 4521 S
1512 4467 1698 4520 thom
1718 4466 1969 4520 CEHGD
2629 4472 2636 4479 ’
