3434 5142
791 428 907 490 192

1487 408 1687 473 VOX
1745 407 2287 473 CLAMANTIS

949 570 1168 630 Mundi
1212 570 1557 647 pauperiem
1600 569 1980 646 simplicitate
2019 569 2174 629 tulit.
2892 596 2994 644 930

951 669 1159 746 Gignit
1200 669 1419 728 humus
1462 666 1728 742 tribulos,
1774 667 1876 727 vbi
1917 677 2116 744 torpet
2153 669 2348 728 cultor
2389 669 2452 726 in
2495 669 2666 746 agriS,

948 766 1091 841 Quo
1132 767 1331 826 minus
1370 767 1449 826 ad
1493 785 1720 828 messes
1761 767 1871 826 sert
1913 784 2020 826 sua
2061 767 2223 825 lucra
2263 767 2486 828 Ceres:

949 865 1237 942 Pungitur
1276 864 1545 936 ecclesia,
1592 865 1836 924 fratrum
1879 881 2034 941 quos
2073 865 2254 924 sentit
2294 863 2542 926 abortos

949 964 1188 1025 Inuidie
1229 964 1483 1024 stimulis
1525 964 1647 1024 lesa
1689 981 1797 1040 per
1837 980 2020 1022 omne
2059 963 2230 1023 latus.

950 1062 1221 1136 Quilibet
1260 1079 1405 1140 ergo
1442 1061 1643 1123 bonus
1682 1061 1934 1122 tribulos
1975 1061 2226 1138 extirpet
2265 1072 2476 1135 arator,

945 1160 1042 1219 Ne
1083 1160 1355 1236 pharisea
1395 1177 1629 1219 sacrum
1670 1159 1900 1237 polluat
1941 1157 2126 1220 herba
2167 1159 2384 1220 locum.

852 1341 972 1396 Hic
994 1342 1272 1411 loquitur
1295 1342 1569 1411 qualiter
1594 1343 1705 1398 isti
1733 1343 1974 1400 fratre·
2005 1343 2370 1400 inordinate
2395 1343 2694 1402 viuenten
2725 1345 2810 1402 td
2831 1359 2991 1401 com·

782 1445 969 1485 mune
994 1431 1227 1484 bonum
1251 1431 1450 1485 vtilee
1474 1431 1840 1499 aliqualiter
1863 1446 1994 1486 non
2019 1432 2322 1487 exi-tunt.
2357 1495 2360 1500 ,

593 1551 789 1627 Capm.
820 1571 911 1612 xx.

1037 1551 1341 1611 Fratribus
1380 1561 1443 1611 vt
1483 1551 1782 1612 redimant
1820 1553 2018 1612 celum
2061 1569 2186 1612 non
2229 1563 2320 1612 est
2359 1551 2530 1613 labor
2571 1554 2722 1626 Ade,

945 1650 1090 1725 Quo
1128 1648 1242 1710 sibi
1284 1650 1379 1710 vel
1421 1650 1663 1726 reliquis
1703 1650 1842 1710 vina
1881 1651 1978 1710 vel
2017 1669 2162 1710 arua
2201 1651 2450 1724 colunt3

943 1747 1227 1823 Corporis
1271 1748 1461 1806 immo
1500 1747 1688 1824 quieS,
1733 1765 1916 1824 quam
1960 1757 2220 1825 querunt
2259 1747 2497 1821 forciuS,
2541 1749 2678 1809 illos

844 1887 849 1894 -
945 1846 1077 1905 Iam
1119 1844 1301 1918 fouet,
1347 1854 1407 1906 et
1450 1846 1662 1905 mundi
1702 1845 1868 1905 tedia
1911 1845 2074 1904 nulla
2113 1854 2402 1922 granant:
2889 1869 2993 1920 9⁴0

946 1945 1087 2004 Hiis
1128 1963 1327 2021 neque
1367 1945 1714 2021 perspicuus
1756 1963 2058 2005 armorum
2101 1945 2358 2021 pertinet
2397 1955 2582 2017 actuS,

946 2042 1196 2102 Publica
1236 2061 1360 2120 quo
1402 2052 1644 2103 seruant
1684 2043 1813 2102 iura
1854 2043 2056 2120 vigore
2097 2061 2250 2103 suo:

944 2141 1043 2201 Sic
1086 2158 1284 2218 neque
1324 2141 1575 2201 milicies
1618 2159 1818 2218 neque
1857 2151 2012 2201 terre
2051 2142 2248 2200 cultus
2287 2140 2540 2201 adornat

946 2240 1100 2312 HQS,
1144 2248 1237 2300 set
1278 2239 1340 2298 in
1380 2239 1529 2298 orbe
1568 2257 1752 2314 vagos
1791 2237 2010 2316 linquit
2049 2249 2300 2316 vterque
2338 2249 2544 2298 status,

946 2338 1078 2396 Nec
1119 2347 1257 2397 sunt
1299 2337 1378 2397 de
1418 2338 1581 2397 clero
1619 2337 1889 2409 fratres,
1933 2339 2212 2414 quamuis
2251 2337 2368 2397 sibi
2408 2347 2706 2414 temptent

943 2436 1244 2513 Vsurpare
1284 2445 1523 2508 statum,
1568 2453 1749 2512 quem
1793 2435 1934 2495 sinit
1973 2434 2183 2495 vmbra
2224 2435 2426 2495 scole:

946 2533 1089 2592 Non
1130 2553 1285 2593 onus
1326 2533 1653 2592 admittunt
1695 2533 1900 2592 fratres
1941 2533 2082 2593 cleri
2125 2543 2214 2594 set
2257 2533 2567 2606 honorem,

946 2631 1021 2692 In
1062 2631 1346 2691 cathedra
1388 2631 1561 2708 primi
1605 2649 1730 2709 quo
1769 2631 2031 2692 residere
2071 2641 2305 2708 petunt.

945 2730 1088 2789 Non
1130 2739 1339 2789 curant
1377 2729 1609 2789 animas
1652 2729 1858 2805 populi
1901 2747 2100 2807 neque
2139 2747 2390 2806 corpora
2429 2739 2718 2805 pascunt:

942 2826 1041 2887 Ad
1086 2845 1411 2888 commune
1447 2825 1675 2887 bonum
1717 2826 1866 2903 quid
1909 2827 2100 2904 magis
2140 2845 2282 2904 ergo
2321 2827 2568 2886 valent?
2889 2850 2990 2901 950

941 2927 1023 2985 Vt
1065 2943 1266 3002 neque
1306 2943 1539 2985 ramosa
1582 2923 1926 2984 numerabis
1967 2925 2030 2983 in
2073 2925 2209 2985 ilice
2247 2923 2514 3001 glandes,

945 3025 1045 3083 Tu
1086 3023 1329 3084 fratrum
1372 3041 1689 3082 numerum
1732 3023 2108 3083 dinumerare
2151 3023 2404 3099 nequis:

944 3121 1162 3194 Imm0,
1207 3121 1369 3182 velut
1408 3130 1639 3182 torrens
1680 3121 1856 3180 vndis
1897 3118 2258 3198 pluuialibus
2297 3130 2526 3192 auctuS,

942 3221 1069 3278 Aut
1110 3219 1267 3292 niue,
1311 3235 1429 3296 que
1470 3219 1709 3296 zephiro
1753 3219 1909 3279 victa
1949 3227 2190 3295 tepente
2231 3218 2377 3289 fluit,

944 3316 1115 3378 Ordo
1154 3317 1517 3393 supercreuit
1560 3316 1787 3389 habitu,
1833 3326 1924 3376 set
1963 3315 2044 3376 ab
2085 3316 2298 3376 ordine
2335 3315 2522 3374 virtus

947 3414 1159 3488 Cessit,
1204 3423 1265 3474 et
1305 3416 1369 3474 in
1411 3415 1617 3492 primis
1658 3415 1882 3475 desinit
1925 3416 2008 3474 ire
2047 3414 2174 3474 viis.

942 3513 1003 3572 Si
1046 3513 1205 3572 racio
1250 3512 1429 3587 fieret,
1474 3513 1830 3572 famulorum
1875 3512 2069 3588 poscit
2109 3521 2340 3588 egestas

942 3611 1121 3672 Tales
1162 3611 1329 3689 quod
1371 3611 1571 3670 sulcus
1611 3622 1816 3687 posset
1857 3608 2078 3671 habere
2119 3629 2276 3670 suos·

1024 3709 1162 3768 Hos
1206 3707 1409 3768 Dauid
1446 3709 1699 3768 affirmat
1740 3708 2053 3768 hominum
2099 3725 2212 3768 nec
2253 3708 2450 3767 inesse
2489 3705 2712 3779 labore,

943 3806 1077 3866 Nec
1118 3806 1311 3883 posite
1351 3807 1497 3883 legis
1538 3807 1655 3865 vlla
1696 3805 1928 3883 flagella
1967 3805 2106 3882 pati.
2886 3811 2990 3878 960

940 3903 1133 3981 Regia
1174 3905 1327 3963 iura
1366 3904 1597 3964 nichil
1637 3914 1742 3964 aut
1783 3904 2032 3980 presulis
2073 3913 2208 3963 acta
2248 3903 2551 3976 valebunt,

944 4002 1239 4062 Excessus
1281 4002 1525 4062 fratrum
1568 4021 1691 4079 quo
1733 4002 2046 4063 moderare
2085 4010 2324 4079 queant.

943 4100 1081 4175 Que
1123 4118 1230 4159 sua
1271 4111 1410 4160 sunt
1451 4100 1715 4160 mundus
1757 4118 1830 4162 ea
1869 4099 2076 4177 diligit,
2121 4098 2398 4159 fratribus
2440 4115 2581 4176 ergo

941 4197 1157 4256 Attulit
1197 4207 1259 4256 vt
1301 4198 1451 4257 caris
1494 4216 1775 4275 prospera
1815 4215 2056 4275 queque
2097 4196 2256 4257 suis:

944 4296 1087 4354 Non
1130 4294 1363 4354 sulcant
1404 4313 1602 4373 neque
1645 4306 1807 4370 nent,
1853 4296 2074 4356 falcant
2117 4313 2231 4355 nec
2272 4295 2334 4354 in
2377 4295 2590 4355 horrea
2631 4302 2905 4372 ponunt3

947 4393 1144 4453 Pascit
1185 4411 1290 4452 eos
1331 4394 1594 4453 mundus
1638 4411 1762 4454 non
1805 4403 2008 4454 tamen
2051 4393 2196 4454 inde
2235 4392 2453 4454 minus.
