3434 5142
1106 480 1390 545 LIBER
1445 482 1921 547 scm-mus
2488 488 2617 568 289

417 640 701 714 Flatibus,
744 643 906 702 vnda
946 639 1112 714 cibis,
1157 651 1427 720 terraque
1467 640 1628 703 mille
1668 640 1862 703 bonis.

415 738 519 799 Set
559 740 727 816 quod
766 758 834 800 es
873 738 1034 800 vnde
1073 740 1182 800 tibi
1203 742 1232 801 ?
1287 740 1456 817 quod
1495 738 1680 800 habes
1721 738 1859 817 quis
1896 739 2149 818 prebet?
2232 742 2567 820 Vtrumque

416 838 646 915 Sponte
686 836 826 898 facit
866 836 1056 914 pietas
1095 836 1290 899 dulcis
1329 847 1392 899 et
1429 838 1629 914 ampla
1670 836 1805 899 dei:

417 936 542 1011 Qui
582 934 692 995 tibi
733 944 795 997 te
833 934 1102 997 tribuens
1144 954 1276 997 sese
1315 934 1604 1013 promisit,
1649 954 1846 1013 eoque

418 1034 562 1095 Non
603 1031 814 1093 habuit
853 1034 1066 1095 melius
1105 1034 1273 1111 quod
1311 1034 1484 1094 daret
1520 1034 1650 1109 ipse
1688 1033 1857 1095 deuS.

501 1130 726 1193 Nonne
765 1129 1069 1208 superbire
1109 1140 1554 1208 quemcumque
1591 1132 1785 1191 virum
1825 1132 2001 1193 decet
2040 1149 2181 1210 ergo

419 1228 647 1291 Contra
685 1230 968 1289 mandata
1009 1247 1129 1306 que
1170 1227 1339 1290 dedit
1379 1228 1508 1306 ipse
1547 1229 1699 1290 deus
1715 1230 1745 1289 ?
2516 1238 2618 1292 620

417 1326 636 1388 Celum
676 1326 894 1387 deiecit
933 1336 1024 1386 set
1064 1335 1125 1387 et
1167 1326 1295 1387 odit
1334 1336 1488 1387 terra
1526 1325 1867 1403 superbum,

418 1422 594 1483 Solus
634 1433 694 1483 et
735 1422 947 1484 inferni
991 1424 1056 1483 fit
1097 1424 1264 1484 locus
1304 1432 1478 1500 aptus
1520 1423 1595 1483 ei.

420 1522 568 1582 Hoc
611 1522 833 1582 etenim
872 1522 1027 1583 vicio
1067 1532 1294 1582 tactum
1333 1522 1445 1582 suit
1484 1531 1547 1581 et
1587 1522 1887 1594 viciatum,

422 1618 609 1694 Quod
647 1619 881 1697 genitor
919 1619 1144 1695 primus
1184 1618 1444 1697 protulit,
1487 1636 1674 1680 omne
1708 1636 1939 1695 genus:

422 1716 499 1777 In
539 1715 742 1776 radice
777 1715 889 1777 fuit
929 1718 1128 1777 omnis
1166 1718 1380 1778 viciata
1418 1736 1698 1795 propag0‚

421 1813 566 1888 Quo
605 1814 901 1874 mundum
941 1816 1264 1893 quicquam
1305 1815 1568 1876 mundus
1607 1812 1829 1875 habere
1869 1815 2099 1893 nequit,

423 1912 567 1973 Non
609 1912 720 1972 suit
761 1912 822 1971 in
863 1914 1096 1973 mundo
1135 1913 1240 1991 qui
1281 1913 1576 1973 mundum
1617 1911 2051 1985 mundificata,

424 2009 558 2070 Nec
598 2010 765 2087 quod
807 2010 869 2068 in
911 2009 1030 2070 hoc
1067 2010 1243 2071 venie
1282 2020 1484 2086 posset
1526 2009 1746 2070 habere
1787 2010 2025 2071 locum:

423 2104 528 2166 Set
567 2106 788 2183 pietate
827 2107 990 2183 prius
1029 2108 1133 2184 qui
1175 2107 1448 2167 condidit
1488 2108 1693 2169 omnia
1734 2107 1914 2181 soluS,

426 2203 540 2265 Ille
580 2204 921 2264 reformauit
962 2214 1022 2263 et
1064 2203 1356 2281 reparauit
1397 2224 1564 2282 opus.
2522 2212 2625 2277 630

424 2302 680 2379 Accepit
720 2302 876 2362 serui
915 2301 1166 2363 sormam
1209 2320 1537 2379 seruosque
1576 2302 1847 2376 redemit,

429 2397 726 2460 Demonis
767 2408 829 2459 et
869 2400 1036 2477 quod
1077 2411 1201 2461 erat
1239 2400 1461 2461 fecerat
1501 2418 1633 2461 esse
1673 2400 1811 2462 dei:

427 2498 617 2557 Hunc
657 2497 832 2575 igitur
871 2508 1138 2574 superest
1177 2499 1402 2559 deuota
1439 2508 1643 2559 mente
1685 2496 1969 2576 sequaris,
2004 2538 2009 2543 -

425 2594 629 2671 thue
667 2604 838 2654 tuum
879 2594 1195 2655 dominum
1237 2596 1572 2656 confitearis
1613 2614 1793 2671 eum3

428 2693 904 2771 Preceptumque
943 2693 1094 2768 leue,
1137 2692 1386 2755 vetitum
1428 2712 1552 2755 non
1593 2706 1835 2774 tangere
1874 2694 2117 2768 crimen,

428 2788 493 2852 Si
533 2800 662 2853 toto
703 2780 966 2869 sequeris
1005 2792 1205 2866 corde,
1249 2790 1460 2853 beatus
1500 2790 1632 2855 eris·

498 2981 621 3039 Hic
653 2987 896 3040 tractat
933 2984 1205 3054 qualiter
1248 2984 1435 3040 homo
1475 2984 1702 3041 dicitur
1741 2986 1951 3041 minor
1989 2984 2291 3048 mundun
2328 2985 2423 3040 ita
2457 2984 2627 3053 quod

428 3072 770 3127 secundum
792 3071 914 3127 hoc
938 3072 1101 3141 quod
1123 3072 1312 3128 homo
1330 3073 1490 3128 bene
1510 3074 1619 3129 vel
1640 3072 1807 3127 mele
1832 3073 1987 3141 agit,
2005 3072 2277 3128 mundun
2299 3072 2503 3128 bonus
2521 3072 2630 3127 vel

427 3160 635 3215 malm
669 3174 783 3230 per
817 3174 1212 3229 consequens
1247 3159 1486 3215 existit.

65 3287 295 3363 Capu.
326 3280 446 3341 viii.
568 3281 628 3344 O
668 3281 857 3360 pietas
899 3278 1152 3356 domini,
1191 3278 1504 3357 qualisque
1543 3277 1841 3357 potencia,
1884 3288 2109 3357 quanta

432 3380 664 3454 Gracia,
708 3398 828 3458 que
868 3390 1101 3440 tanturn
1143 3378 1362 3439 fecerat
1403 3396 1535 3438 esse
1573 3376 1803 3437 virum!

430 3476 541 3536 Vir
579 3477 731 3555 sapit
771 3476 1052 3553 angelicis
1093 3494 1231 3535 cum
1273 3472 1522 3549 cetibua
1563 3473 1727 3534 vnde
1768 3490 2115 3552 supremum

433 3574 587 3634 Esse
627 3585 954 3635 creatorem
993 3574 1188 3634 noscit
1227 3574 1289 3632 in
1331 3571 1479 3633 orbe
1518 3572 1741 3633 deum:
2528 3577 2631 3646 640

432 3672 626 3732 Sentit
667 3683 727 3732 et
766 3672 935 3732 audit
973 3672 1175 3744 homo,
1218 3680 1430 3748 gustat,
1471 3668 1654 3743 videt,
1697 3670 1981 3743 ambulat,
2026 3670 2188 3729 vnde

433 3770 663 3830 Nature
703 3767 964 3847 speciem
1006 3769 1115 3829 sert
1155 3768 1428 3829 animalis
1467 3768 1691 3828 homor

432 3868 591 3930 Cum
633 3877 834 3927 tamen
874 3864 1184 3927 arboribus
1225 3866 1411 3927 homo
1449 3863 1678 3939 crescit,
1723 3873 1785 3926 et
1825 3864 2055 3941 optinet
2094 3882 2227 3925 esse

432 3966 508 4025 In
549 3964 818 4041 lapidum
859 3962 1048 4023 forma
1089 3964 1448 4040 proprietate
1489 3980 1598 4023 sua
1617 3984 1636 4022 z

430 4064 530 4124 Sic
571 4062 768 4122 minor
808 4071 899 4121 est
939 4061 1200 4122 mundus
1241 4062 1442 4133 homo,
1488 4059 1594 4138 qui
1635 4061 1747 4120 sert
1786 4057 2019 4137 singula
2060 4058 2239 4132 solm,

433 4160 556 4221 Soli
597 4160 760 4220 solus
802 4159 988 4219 horno
1029 4158 1131 4218 dat
1172 4176 1337 4218 sacra
1374 4167 1515 4218 vota
1554 4157 1694 4218 deo,

434 4260 546 4319 Est
587 4259 773 4318 horno
813 4255 920 4335 qui
959 4254 1220 4316 mundus
1260 4254 1340 4315 de
1378 4252 1506 4316 iure
1545 4274 1656 4315 suo
1697 4253 1813 4315 sibi
1854 4253 2153 4317 mundum

435 4354 668 4429 subdit,
713 4365 774 4415 et
813 4352 876 4414 in
919 4353 1132 4414 melius
1173 4352 1374 4430 dirigit
1413 4351 1556 4412 inde
1597 4362 1785 4413 status
1810 4374 1829 4413 ε

437 4452 502 4517 Si
541 4462 744 4515 tamen
784 4451 1112 4515 inmundus
1155 4460 1262 4524 est,
1305 4466 1426 4529 que
1471 4460 1606 4511 sunt
1645 4450 1878 4529 sing-ula
1918 4448 2137 4515 mundi.

523 4546 673 4583 ****
1515 4564 1560 4611 u·
