3434 5142
857 470 981 532 310
1563 444 1765 511 VOX
1820 442 2360 511 CLAMANTIS

1023 608 1104 669 Et
1143 606 1306 667 velut
1345 605 1546 677 vrfica,
1590 622 1710 681 que
1750 604 1905 665 solet
1944 620 2077 663 esse
2116 620 2291 663 rosa:
2938 611 3079 673 1360

1024 706 1164 782 Que
1201 704 1390 765 fuerat
1429 704 1654 781 pulcra,
1695 701 1867 779 quasi
1906 710 2238 761 monstrum
2280 708 2395 761 stat
2434 710 2741 778 reputata3

1024 804 1119 864 Fit
1159 811 1340 880 caput
1381 802 1444 861 in
1485 801 1757 873 caudam,
1802 800 1890 860 sic
1928 798 2063 859 terit
2103 798 2303 859 omnis
2341 816 2497 859 απ).

1025 901 1318 963 Scandala
1361 900 1497 960 feda
1536 900 1688 976 parit
1728 897 1964 958 nouiter
2004 907 2365 974 transgressa
2405 914 2681 968 nouerca,

1023 998 1240 1061 Omnis
1281 1016 1400 1075 que
1439 997 1634 1057 laudis
1673 1006 1865 1056 mater
1902 1004 1963 1055 et
2002 995 2223 1071 hospes
2264 1004 2430 1055 eratz

1023 1098 1164 1174 Que
1205 1096 1318 1156 fuit
1355 1096 1623 1173 angelica
1663 1112 1871 1171 nuper,
1916 1110 2079 1152 nunc
2118 1092 2370 1170 angulus
2411 1101 2589 1161 extat,

1026 1196 1297 1272 Languet
1338 1203 1400 1254 et
1439 1194 1504 1253 in
1543 1191 1807 1253 tenebris
1846 1191 2023 1252 sorde
2064 1208 2333 1267 repressa
2370 1191 2577 1266 magis.

1025 1294 1238 1367 Patria,
1283 1310 1463 1369 quam
1507 1292 1727 1350 samam
1770 1290 1979 1351 dicunt
2022 1288 2303 1349 habuisse
2344 1306 2627 1360 sororem,

1027 1392 1136 1452 Est
1177 1392 1366 1467 magis
1405 1389 1644 1449 infamis
1685 1387 1969 1449 omnibus
2010 1387 2139 1463 ipsa
2180 1386 2369 1447 locis:

1028 1490 1168 1565 Que
1208 1489 1398 1548 fuerat
1437 1487 1617 1565 digne
1659 1504 1837 1563 super
1876 1502 2090 1547 omnes
2131 1484 2345 1545 celsior
2384 1482 2547 1557 orbe,

1031 1586 1211 1647 Nunc
1251 1585 1401 1646 deus
1442 1595 1534 1645 est
1565 1583 1725 1657 alibi,
1770 1583 2045 1644 subditur
2084 1582 2213 1659 ipsa
2254 1582 2462 1659 quasi:
2942 1604 3083 1657 ¹370

1030 1684 1260 1745 Ordine
1301 1683 1641 1761 retrogrado
1683 1680 1973 1761 quicquid
2012 1680 2127 1741 sibi
2166 1680 2360 1741 laudis
2402 1679 2663 1740 habebat

1031 1782 1227 1856 Cedit,
1273 1789 1333 1841 et
1375 1778 1665 1841 instabilis
1705 1778 1973 1856 vndique
2011 1786 2209 1855 spreta
2250 1778 2422 1838 iacet.

1029 1880 1229 1940 Firma
1267 1889 1492 1952 mouet,
1533 1878 1650 1937 ruit
1689 1878 1825 1951 alta,
1868 1877 2003 1937 terit
2044 1876 2229 1937 modo
2268 1876 2453 1937 forcia
2490 1875 2718 1936 discors

1031 1976 1228 2051 Error,
1272 1985 1332 2039 et
1373 1976 1685 2036 innumera
1726 1974 1946 2052 spergit
1985 1973 2207 2051 vbique
2246 1975 2439 2034 mala:

1028 2076 1405 2152 Torpescunt
1443 2092 1734 2151 procereS,
1776 2072 1969 2132 clerus
2007 2072 2373 2147 dissoluitur‚
2410 2068 2587 2132 vrbes

1030 2172 1412 2245 Discordant,
1455 2172 1615 2249 leges
1655 2180 1797 2231 sunt
1836 2170 1967 2231 sine
2008 2172 2133 2230 iure
2171 2188 2421 2247 graues:

1030 2271 1368 2331 Murmur-at
1409 2268 1739 2329 indomitus
1780 2269 2007 2346 vnguS,
2051 2268 2381 2327 concrescit
2420 2267 2640 2328 abvsus

1031 2368 1272 2428 Peccati
1313 2367 1567 2441 solitus3
1621 2368 1707 2425 sic
1750 2366 1915 2427 dolet
1956 2365 2153 2425 omnis
2195 2365 2433 2425 humus,

1033 2464 1200 2524 Hinc
1241 2473 1390 2541 puto
1432 2464 1599 2540 quod
1639 2464 1795 2523 seuit
1835 2482 1941 2540 pes
1982 2472 2207 2523 terreus
2248 2462 2311 2522 in
2352 2474 2533 2540 caput
2571 2463 2717 2536 auri,

1033 2561 1113 2622 Et
1155 2563 1329 2638 lupus
1370 2579 1659 2638 agnorum
1699 2580 1923 2621 cornua
1964 2580 2117 2621 vana
2154 2560 2345 2621 timet.
2945 2572 3077 2634 1380

1036 2661 1114 2720 In
1153 2660 1376 2719 meritis
1417 2659 1732 2719 hominum
1774 2660 1969 2718 solum
2011 2658 2161 2719 deus
2202 2659 2413 2736 aspicit
2454 2658 2681 2731 orbem,

1032 2758 1111 2817 Et
1153 2776 1262 2817 sua
1301 2758 1381 2818 de
1421 2756 1580 2817 facto
1621 2768 1891 2833 tempora
1930 2767 2133 2817 causat
2176 2757 2381 2817 homo.

1113 2912 1172 2975 O
1215 2914 1426 2975 sterilis
1467 2923 1620 2973 terra
1662 2931 1915 2987 morum,
1960 2913 2089 2973 sani
2132 2914 2373 2975 viduata

1032 3011 1306 3085 Consilii,
1348 3012 1474 3072 lesa
1513 3028 1629 3071 nec
1669 3011 2051 3073 medicamen
2092 3012 2340 3085 bahem,

1033 3110 1153 3168 Dic
1193 3108 1293 3169 vbi
1334 3108 1572 3169 fortuna
1611 3110 1802 3172 latitat
1844 3110 2047 3184 modo,
2091 3128 2211 3187 qua
2252 3108 2569 3189 reputabas

1035 3208 1243 3283 Nuper
1281 3205 1344 3266 in
1386 3206 1550 3267 orbe
1573 3198 1745 3268 tuum
1788 3226 1913 3267 non
1953 3207 2233 3269 habuisse
2274 3226 2496 3285 parem.

1033 3304 1096 3364 Si
1139 3304 1422 3365 Lachesis
1463 3304 1684 3365 so'rtem
1728 3304 1835 3365 tibi
1879 3304 2129 3367 contulit
2171 3324 2303 3367 esse
2344 3307 2637 3379 dolosam,

1034 3400 1164 3461 Iam
1205 3403 1367 3462 venit
1407 3400 1537 3480 ipsa
1577 3404 1662 3463 tui
1703 3403 2008 3464 reddere
2049 3413 2223 3481 pacta
2263 3404 2428 3467 doli:

1036 3500 1216 3559 Nunc
1257 3500 1558 3578 palletque
1598 3502 1714 3560 tuis
1760 3499 1939 3577 nigris
1984 3504 2213 3563 Aurora
2254 3502 2519 3576 veneni5‚

1034 3596 1225 3659 Cuius
1267 3598 1367 3657 lux
1406 3596 1536 3657 aliis
1575 3598 1739 3658 fulsit
1784 3600 1846 3658 in
1888 3598 2035 3659 orbe
2076 3600 2264 3677 magis
2282 3620 2301 3673 3
2944 3622 3075 3673 ¹390

1035 3695 1094 3755 N
1099 3712 1338 3771 uncque
1377 3694 1704 3756 iuuentutis
1746 3696 1857 3757 flos
1901 3715 2020 3774 que
2061 3696 2169 3757 tibi
2212 3695 2398 3757 creuit
2438 3696 2725 3757 habunde

1034 3794 1196 3866 Aret,
1243 3804 1305 3853 et
1345 3811 1382 3852 a
1423 3792 1588 3854 viciis
1629 3794 1955 3855 inveterata
1995 3796 2189 3872 peris;

1037 3890 1324 3968 Fedaque
1366 3909 1527 3951 nunc
1568 3892 1843 3966 volucris,
1888 3892 2120 3953 venturi
2163 3892 2385 3953 nuncia
2424 3893 2637 3965 luctae,

1035 3986 1321 4049 Concinit
1361 3990 1422 4048 in
1468 3990 1601 4049 fatis
1643 3989 1811 4050 bubo
1854 3991 2145 4067 propheta
2187 3990 2322 4050 tuis.

1032 4083 1158 4145 Scit
1196 4087 1346 4146 deus
1388 4088 1544 4147 hanc
1583 4107 1826 4148 causam
1866 4088 2179 4165 specialius
2219 4106 2351 4149 esse
2391 4090 2737 4161 notandam,

1039 4182 1178 4258 Qua
1218 4183 1386 4245 locus
1429 4186 1540 4247 iste
1582 4188 1767 4248 modo
1808 4187 1989 4247 distat
2030 4187 2258 4247 honore
2300 4204 2450 4246 suo:

1039 4280 1182 4341 Hoc
1222 4282 1366 4357 scio,
1413 4285 1579 4361 quod
1619 4286 1851 4345 cunctis
1894 4286 2063 4345 locus
2104 4286 2167 4343 in
2208 4284 2527 4362 prouerbia
2568 4284 2796 4358 crescit,

947 4393 1072 4453 1380
1107 4392 1172 4444 Et
1195 4394 1348 4457 lupus
1371 4394 1564 4444 SHDL
1633 4396 1813 4447 Pastor
1835 4404 1889 4447 et
1912 4397 2005 4447 CG
2027 4396 2176 4463 (m.)
2248 4397 2427 4461 Lupus
2448 4405 2503 4447 et
2520 4396 2563 4447 E
2699 4398 2829 4460 1388
2862 4399 3085 4449 reddere

879 4468 1070 4521 SEHG
1135 4472 1344 4523 soluere
1367 4472 1554 4523 CDLT
