3434 5142
781 442 900 484 100

1485 418 1684 485 VOX
1742 418 2290 485 CLAMANTIS

940 580 1063 641 Dat
1103 597 1329 654 sensus,
1371 590 1550 657 auget
1589 578 1760 652 vires,
1780 577 2079 654 tollitque
2116 577 2395 637 timorem

937 678 1169 753 MortiS,
1214 689 1274 740 et
1314 678 1394 739 ad
1435 686 1687 738 martem
1728 676 1912 737 corda
1951 684 2157 753 parata
2194 675 2358 735 facit.

941 777 1016 837 In
1057 794 1235 837 cruce
1274 774 1514 836 libertas
1554 774 1725 847 redit,
1769 784 1829 835 et
1870 772 2023 850 perit
2062 772 2163 832 illa
2188 782 2484 851 potestas,

939 874 1140 935 Hoste
1179 874 1562 951 triumphatO,
1603 889 1725 950 que
1764 870 1933 931 dedit
1972 880 2116 931 ante
2154 871 2353 931 mori·

940 972 1016 1032 In
1057 989 1235 1032 cruce
1274 971 1495 1049 religio,
1539 970 1684 1030 ritus
1724 969 2043 1046 cultusque
2082 978 2335 1029 venuste

939 1070 1152 1131 Gentis
1192 1068 1563 1129 concludunt
1603 1067 1809 1127 omnia
1849 1084 2013 1127 sacra
2054 1067 2268 1128 simul:

937 1168 1016 1229 In
1057 1186 1234 1228 cruce
1272 1177 1443 1245 porta
1482 1175 1647 1243 patet
1685 1164 1961 1242 paradisi,
2006 1164 2319 1227 flammeus
2358 1166 2521 1227 ensis

937 1266 1160 1328 Custos
1201 1266 1410 1325 secreti
1450 1264 1628 1325 desiit
1669 1281 1803 1323 esse
1843 1262 1998 1323 loci:

937 1364 1103 1424 Ecce
1141 1364 1310 1425 vides
1349 1362 1590 1440 quantis
1629 1362 1957 1439 prefulgeat
1997 1361 2097 1420 illa
2138 1360 2359 1439 figuris»,

938 1461 1163 1539 Pagina
1202 1478 1386 1538 quam
1427 1460 1631 1537 pulcre
1671 1459 1939 1535 predicet
1979 1460 2179 1520 omnis
2218 1477 2371 1519 eam.
2884 1482 2983 1537 570

935 1560 1094 1619 Mira
1133 1558 1380 1637 quidem
1421 1558 1614 1617 crucis
1653 1567 1747 1617 est
1785 1558 1989 1630 virtuS,
2033 1576 2152 1636 qua
2192 1567 2413 1618 tractus
2452 1556 2533 1618 ab
2574 1558 2698 1619 alto

932 1658 1166 1717 Vnicus
1207 1666 1297 1717 est
1337 1654 1537 1733 patriS,
1575 1664 1638 1715 vt
1677 1664 1978 1732 pateretur
2018 1656 2227 1717 homo.

934 1755 1014 1814 Vi
1055 1754 1248 1815 crucis
1289 1753 1586 1814 infernum
1627 1753 1861 1814 Cristus
1900 1752 2195 1829 spoliauit,
2239 1763 2300 1814 et
2340 1753 2523 1827 issam,

935 1852 1177 1913 Perdita
1215 1869 1336 1929 que
1375 1850 1582 1924 suerat,
1625 1850 1772 1911 inde
1810 1851 2035 1911 reuexit
2076 1868 2291 1912 ouem:

933 1951 1014 2009 Vi
1057 1950 1248 2011 crucis
1289 1948 1351 2008 in
1393 1949 1591 2009 celum
1631 1948 2003 2021 conscendit,
2046 1958 2109 2009 et
2148 1959 2307 2009 astra
2344 1949 2575 2026 paterni

937 2048 1211 2108 Luminis
1251 2046 1589 2124 ingrediens
1629 2045 1710 2107 ad
1751 2064 1859 2107 sua
1898 2063 2081 2124 regna
2122 2046 2313 2107 redit:

935 2145 1282 2206 Glorificata
1321 2162 1478 2216 caro,
1524 2161 1644 2221 que
1684 2142 1921 2203 sustulit
1962 2144 2025 2203 in
2064 2160 2244 2204 cruce
2283 2162 2493 2221 penas,

937 2243 1205 2304 Presidet
1245 2242 1310 2302 in
1351 2242 1487 2301 celo
1526 2242 1672 2301 sede
1711 2242 1908 2301 locata
1950 2240 2070 2302 dei.

936 2341 1035 2401 Sic
1073 2340 1292 2401 virtute
1332 2340 1430 2417 pie
1470 2340 1664 2399 crucis
1704 2348 1765 2398 et
1805 2338 2041 2399 celestis
2080 2338 2303 2399 amoris

937 2439 1134 2516 Surgit
1175 2438 1238 2498 in
1279 2437 1534 2498 ecclesia
1570 2437 1769 2515 gracia
1808 2436 1940 2514 lege
1980 2453 2161 2497 noua
2882 2448 2983 2515 580

837 2686 958 2743 Hic
1023 2688 1180 2745 <neit
1249 2688 1433 2758 quod,
1503 2703 1709 2759 exque
1768 2688 1945 2743 solus
2000 2686 2156 2742 deus
2208 2688 2425 2743 omnia
2476 2689 2745 2753 creauit,
2798 2690 2977 2747 solus

770 2778 871 2831 est
919 2792 962 2831 a
1014 2776 1325 2833 creaturis
1377 2776 1761 2841 adorandus,
1796 2779 1865 2831 et
1914 2774 2017 2830 est
2064 2775 2267 2831 eciam
2300 2790 2535 2845 magne
2581 2778 2867 2832 racionis
2902 2782 2979 2834 vt

765 2864 906 2931 ipse
977 2864 1196 2920 omnin
1270 2865 1579 2933 gubernet
1656 2867 1727 2919 et
1798 2862 2141 2918 secundnm
2225 2864 2453 2920 merita
2526 2865 2594 2919 et
2668 2864 2973 2922 demerita

769 2950 1087 3007 hominum
1121 2953 1190 3007 in
1226 2968 1345 3007 sua
1379 2952 1723 3008 voluntate
1759 2950 1939 3006 solus
1974 2949 2223 3006 iudicet.

597 3072 792 3147 capu.
823 3072 898 3134 xi.

1023 3074 1272 3152 Semper
1311 3073 1375 3135 id
1414 3084 1506 3136 est
1546 3073 1712 3151 quod
1755 3082 1879 3132 erat
1920 3082 1984 3133 et
2025 3072 2151 3148 erit,
2197 3071 2386 3132 trinus
2426 3072 2577 3133 deus
2619 3091 2815 3149 vnus3

932 3173 1066 3233 Nec
1105 3171 1221 3233 sibi
1261 3172 1636 3251 principium,
1681 3189 1796 3231 nec
1838 3169 1952 3231 sibi
1994 3170 2131 3229 finis
2170 3170 2382 3231 adest:

931 3270 1295 3348 Principium
1337 3278 1539 3330 tamen
1580 3279 1641 3329 et
1683 3268 1867 3328 finem
1909 3267 2078 3328 dedit
2119 3266 2401 3327 omnibus
2442 3284 2592 3342 esse,

930 3367 1153 3430 Omnia
1193 3386 1299 3445 per
1338 3385 1520 3445 quem
1563 3376 1718 3441 sunt,
1764 3375 1824 3425 et
1866 3366 1998 3425 sine
2038 3383 2163 3443 quo
2204 3365 2391 3425 nichil
2432 3374 2539 3425 est.

930 3468 1072 3542 Que
1110 3466 1236 3527 vult
1276 3466 1376 3526 illa
1416 3474 1614 3543 potest
1655 3474 1718 3525 vt
1759 3464 2057 3525 sufficiens
2098 3463 2162 3522 in
2203 3462 2505 3540 idipsum;

933 3564 1137 3639 Iussit,
1177 3573 1238 3624 et
1278 3564 1438 3623 illico
1479 3571 1619 3623 sunt
1659 3580 1780 3640 que
1821 3560 1989 3621 iubet
2032 3561 2160 3638 ipse
2200 3560 2363 3622 fore:

933 3661 1122 3724 Cuius
1163 3661 1243 3722 ad
1283 3660 1598 3738 imperium
1639 3659 2002 3719 famulantur
2041 3668 2259 3718 cuncta
2299 3668 2513 3731 creata,

933 3760 1123 3818 Hunc
1162 3758 1321 3832 volo,
1363 3756 1547 3818 credo
1589 3775 1794 3816 meum
1835 3756 2047 3816 celitus
2088 3774 2219 3817 esse
2248 3755 2449 3815 deum.

935 3858 1098 3916 Dum
1141 3856 1218 3916 sit
1257 3866 1462 3933 aperta
1501 3854 1602 3915 dei
1641 3873 1857 3913 manus
1899 3854 2103 3913 omnia
2142 3853 2330 3929 replet
2370 3818 2674 3925 habunde,

931 3956 1381 4031 Auertenteque
1422 3971 1508 4027 se,
1546 3952 1791 4014 vertitur
1831 3969 2015 4012 omne
2055 3960 2227 4013 retro,
2875 3972 2977 4023 590

934 4050 1179 4128 Singula
1220 4050 1443 4110 iudicio
1483 4050 1722 4127 sapiens
1763 4049 1849 4109 sic
1891 4046 2107 4109 diuidit
2150 4064 2328 4124 eque,

935 4147 1163 4207 Fallere
1203 4165 1310 4207 seu
1351 4147 1471 4207 falli
1513 4147 1679 4224 quod
1722 4146 1930 4225 nequit
1972 4146 2101 4223 ipse
2141 4143 2309 4206 deus,

932 4247 1060 4306 Res
1101 4254 1192 4305 est
1233 4262 1389 4322 equa
1429 4244 1623 4320 nimis,
1667 4245 1818 4306 deus
1860 4262 2055 4321 exque
2096 4252 2314 4304 cuncta
2354 4242 2592 4315 creauit,

1570 4406 1723 4469 56κὶ
1758 4404 2194 4458 Ιινοὶίηιεωη.Τ
