3434 5142
1196 521 1480 586 LIBER
1540 524 1994 600 QUARTUS
2579 531 2696 608 187

654 683 763 743 Hii
805 692 944 743 sunt
984 701 1136 760 quos
1176 685 1437 745 retinens
1477 685 1742 744 mundus
1783 704 1907 745 non
1949 685 2193 759 horruit,
2237 686 2423 746 immo

657 782 882 860 Diligit,
929 781 1163 859 hiisque
1204 793 1422 842 statum
1464 783 1706 843 tradidit
1749 784 1876 860 ipse
1919 803 2133 846 suum:

654 881 812 941 Istos
852 898 1173 940 conuersos
1216 891 1307 941 set
1347 898 1657 957 peruersos
1698 883 1887 957 magis
1928 900 2060 942 esse

652 979 923 1051 Constat,
968 989 1030 1038 vt
1070 997 1143 1038 ex
1184 978 1353 1038 sactis
1396 979 1643 1039 nomina
1682 997 1820 1039 vera
1861 981 2116 1040 trahant.

651 1077 982 1136 Transtulit
1022 1095 1058 1136 a
1098 1077 1219 1138 vite
1260 1094 1326 1138 se
1365 1078 1593 1153 palmes
1636 1078 1722 1137 sic
1763 1077 2052 1154 pharisea,

653 1175 801 1234 Eius
844 1185 905 1234 et
947 1175 1009 1234 in
1049 1185 1227 1253 gustu
1268 1176 1493 1235 fructus
1534 1175 1786 1236 acerbus
1825 1177 1964 1238 olet.
2593 1195 2692 1251 750

556 1373 676 1429 Hic
718 1376 993 1444 loquitur
1025 1375 1101 1431 de
1135 1375 1444 1431 fratribus
1476 1376 1620 1442 inis,
1647 1376 1754 1444 qui
1787 1391 1899 1444 per
1935 1376 2272 1445 ypocrisim
2307 1375 2691 1445 predicando

486 1463 700 1531 populi
754 1466 1022 1532 peccata
1092 1464 1335 1533 publice
1400 1463 1877 1532 redarguentes,
1943 1465 2278 1520 blandiciis
2341 1468 2560 1522 tamen
2626 1468 2692 1521 et

486 1550 923 1620 voluptatibus
960 1551 1249 1607 clanculo
1284 1552 1665 1608 deseruiunt.

245 1661 441 1737 Capm.
473 1663 606 1722 xvii.

733 1664 999 1724 Seminat
1038 1664 1324 1740 ypocrisis
1364 1683 1669 1725 sermones
1710 1665 1916 1725 dedita
1955 1663 2160 1738 fratriS‚

650 1763 869 1822 Messis
909 1771 971 1821 vt
1011 1762 1155 1822 inde
1196 1763 1288 1822 sui
1328 1772 1554 1823 crescat
1595 1763 1656 1822 in
1698 1763 1846 1822 orbe
1888 1763 2050 1822 lucri.

648 1859 913 1919 Horrida
955 1859 1135 1919 verba
1175 1869 1361 1933 tonat,
1405 1861 1552 1920 dum
1596 1860 1836 1937 publica
1877 1878 1982 1937 per
2023 1861 2156 1920 loca
2195 1861 2484 1938 dampnat

648 1958 844 2016 Vsum
886 1957 1177 2034 peccandi
1219 1976 1427 2017 seruus
1468 1967 1529 2017 vt
1570 1958 1701 2034 ipse
1742 1958 1878 2032 dei;

648 2054 867 2114 Seruus
909 2064 968 2115 et
1007 2065 1072 2114 vt
1113 2054 1391 2129 Sathane,
1434 2055 1679 2132 priuatis
1721 2073 1860 2114 cum
1903 2055 2162 2115 residere

649 2152 894 2212 Venerit
936 2153 998 2210 in
1042 2153 1332 2226 thalamiS,
1374 2154 1543 2230 glosa
1583 2153 1828 2212 remittit
1869 2153 1998 2227 eis3

649 2249 727 2310 Et
770 2268 925 2327 quos
964 2251 1085 2309 alta
1125 2251 1285 2328 prius
1327 2250 1669 2310 stimulabat
1708 2269 1826 2310 vox
1869 2250 2189 2323 reboantiS,

648 2349 893 2407 Postera
936 2347 1265 2408 blandicies
1304 2358 1484 2425 vnget
1524 2347 1587 2406 in
1626 2367 1768 2408 aure
1809 2349 1996 2408 leuis:

650 2446 729 2503 Et
772 2445 857 2504 sic
898 2455 1176 2521 peccator
1215 2445 1345 2506 aliis
1385 2455 1631 2521 peccata
1670 2446 1983 2519 ministrat,

649 2543 930 2619 Namque
970 2543 1183 2603 fouens
1224 2544 1441 2602 vicium
1485 2543 1735 2620 percipit
1774 2544 1918 2604 inde
1958 2544 2205 2602 lucrum.
2592 2551 2687 2618 7⁶0

648 2641 791 2700 Hoc
832 2639 989 2700 bene
1030 2641 1141 2701 scit
1181 2642 1369 2715 frater,
1416 2651 1729 2718 peccatum
1771 2660 1910 2700 cum
1951 2642 2250 2715 moriatur,

642 2739 820 2797 Tunc
864 2739 1110 2798 moritur
1150 2739 1379 2798 lucrum
1421 2749 1659 2817 tempus
1700 2739 1763 2798 in
1807 2757 1988 2799 omne
2028 2757 2220 2799 suum.

646 2835 763 2894 Dic
803 2834 904 2895 vbi
947 2847 1035 2896 ter
1074 2837 1272 2897 veniet
1311 2837 1502 2911 frater,
1547 2837 1662 2897 nisi
1702 2837 1868 2897 lucra
1906 2847 2180 2914 reportet,

646 2935 757 2994 Est
797 2933 898 2993 vbi
940 2953 1066 2994 sors
1109 2953 1311 3009 vacua,
1357 2954 1481 2995 non
1524 2936 1676 2996 redit
1718 2936 1847 3011 ipse
1888 2937 1998 2996 via.

648 3033 743 3092 De
785 3031 1188 3092 fundamentis
1230 3031 1475 3092 fratrum
1516 3033 1567 3092 si
1607 3033 1856 3092 crimina
1899 3034 2088 3105 tollaS,

645 3131 745 3190 Sic
785 3129 1003 3189 domus
1043 3131 1161 3190 alta
1204 3131 1308 3190 diu
1348 3140 1582 3191 corruet
1623 3129 1856 3206 absque
1895 3149 2098 3189 manu.

725 3229 783 3288 O
824 3246 1007 3304 quam
1048 3229 1337 3304 prophete
1376 3228 1496 3287 iam
1539 3228 1916 3288 verificantur
1957 3230 2119 3289 Osee

646 3325 981 3396 SermoneS,
1025 3325 1131 3402 qui
1172 3324 1257 3384 sic
1300 3343 1436 3384 vera
1476 3326 1713 3385 locutus
1755 3325 1863 3384 ait:

646 3425 661 3454 ‘
681 3423 755 3482 In
798 3423 965 3482 terris
1007 3423 1267 3499 quedam
1307 3441 1455 3500 gens
1497 3432 1711 3500 surget,
1756 3440 1877 3500 que
1916 3421 2274 3499 populorum

647 3522 969 3580 Peccatum
1010 3521 1289 3580 comedet
1330 3531 1390 3580 et
1431 3520 1588 3580 mala
1630 3519 1818 3580 multa
1860 3521 2044 3580 sciet!
2585 3537 2684 3595 770

648 3619 954 3696 Hancque
993 3619 1377 3696 propheciam
1422 3618 1637 3678 nostris
1679 3618 1913 3678 venisse
1955 3615 2170 3678 diebus

644 3716 979 3790 CernimuS,
1024 3727 1204 3794 atque
1245 3727 1449 3776 notam
1495 3715 1769 3776 fratribus
1812 3715 1954 3776 inde
1995 3716 2227 3789 damuS,

645 3815 742 3874 Ad
786 3833 1042 3892 quorum
1082 3815 1324 3888 victum,
1370 3815 1543 3876 suerit
1583 3816 2057 3892 quodcumque
2099 3830 2414 3887 necesse,

642 3913 782 3972 Sors
825 3913 903 3972 de
944 3914 1203 3990 peccatis
1244 3931 1427 3973 omne
1468 3913 1762 3973 ministrat
1803 3913 1904 3972 eis.

644 4011 876 4070 Delicie
918 4010 1065 4070 tales
1107 4029 1231 4070 non
1274 4020 1431 4083 sunt,
1476 4029 1595 4088 que
1637 4008 1912 4070 fratribus
1955 4028 2173 4083 escam,

642 4107 702 4168 Si
744 4109 1115 4168 consessores
1159 4109 1293 4181 sint,
1338 4107 1664 4185 aliquando
1706 4118 1942 4184 negant.

641 4207 878 4282 Aspicis
920 4217 981 4266 vt
1022 4207 1272 4266 veniunt
1314 4205 1393 4266 ad
1433 4205 1691 4265 candida
1735 4214 1893 4264 tecta
1933 4203 2232 4278 columbe,

642 4303 774 4363 Nec
816 4304 1009 4380 capiet
1050 4304 1197 4363 tales
1238 4301 1479 4362 sordida
1520 4302 1691 4362 turris
1734 4319 1916 4362 aues:

640 4401 739 4461 Sic
781 4402 895 4460 nisi
936 4411 1283 4479 magnatum
1324 4399 1427 4460 dat
1468 4401 1629 4459 curia
1672 4401 1836 4459 nulla
1876 4400 2179 4460 modernis

644 4499 945 4559 Fratribus
988 4498 1323 4576 hospicium
1365 4516 1488 4575 quo
1530 4516 1835 4560 remanere
1877 4499 2100 4558 volunt.
2272 4554 2274 4556 ,
2585 4505 2685 4571 780
