3434 5142
821 440 948 518 296
1530 436 1728 501 VOX
1786 436 2325 501 CLAMANTIS

987 598 1048 658 N
1051 616 1132 657 on
1172 598 1314 658 facit
1352 598 1664 671 incestum,
1709 616 1908 675 neque
1946 596 2293 675 virginitatis
2334 598 2625 661 honorem

989 696 1268 757 Mortuus
1309 697 1373 756 in
1413 715 1590 757 oerne
1631 698 1751 755 iam
1791 696 2011 756 violare
2050 705 2283 773 potest:

991 794 1101 854 Est
1142 794 1328 855 modo
1368 794 1622 871 putredo
1663 794 1954 871 quicquid
1996 795 2104 853 suit
2144 805 2285 855 ante
2323 794 2623 873 voluptas,

990 891 1070 951 Et
1109 892 1270 951 mlor
1309 891 1371 951 in
1413 893 1577 951 coitu
1615 892 1931 969 frigiditate
1968 892 2141 969 gelat.
2926 902 3033 953 860

990 990 1087 1049 Sic
1129 990 1293 1066 quod
1335 998 1459 1049 erat
1499 987 1731 1049 dudum
1772 1005 2004 1065 corpuS,
2049 1006 2213 1048 nunc
2252 1006 2397 1049 ecce
2434 990 2729 1065 cadauer3

991 1085 1072 1146 Et
1111 1085 1263 1146 redit
1306 1086 1367 1144 in
1409 1086 1670 1147 cinerem
1711 1086 1879 1163 quod
1918 1085 2027 1145 fuit
2067 1096 2207 1145 ante
2246 1086 2417 1147 cinis.

898 1300 1118 1369 Exquo
1171 1299 1478 1355 tractauit
1533 1298 1805 1369 qualiter
1852 1296 2061 1354 varii·
2106 1296 2355 1367 peccati
2401 1298 2647 1355 deliciis
2688 1300 3030 1355 humanum

827 1402 1058 1458 corpus
1079 1388 1308 1443 morfia
1338 1387 1668 1457 putredine
1699 1389 1767 1441 in
1798 1387 1921 1444 hoc
1953 1387 2186 1442 mundo
2222 1388 2633 1452 consumitur,
2665 1388 3032 1457 interrogat

825 1477 1096 1531 vlteriua
1118 1477 1196 1531 de
1226 1475 1480 1531 homine
1510 1479 1867 1545 peccatore,
1903 1476 2218 1544 quomodo
2247 1476 2464 1530 mundi
2494 1477 2871 1546 voluptates
2893 1478 3033 1531 tam

827 1565 1124 1620 fallibssea
1181 1565 1250 1619 in
1309 1564 1412 1619 eui
1467 1563 1873 1632 preindicinm
1930 1565 2028 1620 lta
2095 1565 2395 1619 ardenter
2453 1565 2577 1619 sibl
2648 1565 2895 1634 appetii:
2962 1568 3030 1621 et

830 1652 1172 1723 conspirat.

611 1776 804 1852 Capm.
833 1774 944 1835 xvi.
1071 1775 1128 1836 O
1170 1772 1352 1833 michi
1394 1773 1706 1849 responde,
1753 1773 1863 1831 sert
1902 1772 2048 1850 quid
2091 1771 2199 1832 tibi
2241 1790 2480 1849 pompa,
2524 1773 2798 1850 superbe,

991 1872 1148 1934 Cum
1191 1880 1339 1932 teret
1379 1873 1442 1929 in
1485 1880 1636 1931 terra
1676 1868 1947 1931 membra
1986 1871 2241 1947 putredo
2282 1880 2384 1930 tua
2402 1873 2430 1930 P

991 1970 1109 2030 Dic
1149 1968 1276 2043 tibi,
1322 1978 1386 2028 tu
1429 1969 1635 2041 serico,
1679 1969 1932 2045 gemmis
1971 1970 2219 2029 vestitus
2260 1978 2320 2028 et
2360 1987 2523 2043 auro,

993 2068 1159 2145 Quid
1200 2086 1340 2128 cum
1381 2086 1541 2128 mors
1583 2068 1784 2127 veniat
1824 2066 2009 2144 gloria
2048 2086 2204 2127 vana
2244 2065 2462 2128 dabit?

993 2168 1160 2243 Quid
1200 2168 1389 2226 victor
1426 2167 1651 2244 gaudes
1670 2168 1698 2225 P
1752 2166 1866 2226 hec
1906 2176 1967 2225 te
2007 2166 2254 2226 victoria
2294 2166 2539 2242 linquet,

995 2266 1083 2326 Sit
1124 2266 1234 2324 nisi
1279 2264 1445 2341 quod
1487 2264 1622 2323 vicii
1665 2264 1903 2324 vincere
1944 2262 2104 2323 bella
2144 2282 2349 2341 queas,

991 2361 1162 2439 Quid
1204 2361 1312 2422 tibi
1355 2362 1510 2427 liuor
1548 2372 1696 2439 aget,
1743 2362 1963 2422 vrentis
2006 2360 2161 2420 filius
2205 2361 2423 2435 Ethne,

995 2460 1155 2521 Cum
1197 2478 1356 2520 mors
1397 2477 1501 2519 cor
1543 2478 1661 2535 que
1702 2459 1866 2519 labra
1908 2459 2149 2519 soluerit
2190 2459 2319 2535 ipsa
2358 2468 2464 2519 tua
2482 2460 2511 2519 P
2936 2472 3045 2535 870

1000 2559 1164 2634 Quid
1208 2558 1317 2617 tibi
1359 2558 1487 2617 siue
1529 2558 1687 2617 furor
1728 2567 1832 2616 aut
1870 2558 1955 2616 ira
1995 2558 2189 2617 valere
2230 2567 2485 2635 putatur,

998 2657 1276 2733 Cumque
1317 2656 1514 2716 furore
1554 2655 1695 2715 mali
1738 2674 1897 2715 mors
1941 2655 2080 2715 furit
2121 2656 2251 2732 ipsa
2290 2655 2445 2715 tibi?

995 2756 1299 2831 Tempora
1341 2754 1469 2813 siue
1509 2763 1612 2813 tua
1653 2752 1762 2812 tibi
1806 2754 1951 2829 quid
1995 2754 2141 2813 dant
2180 2752 2497 2825 accidiosa‚

999 2851 1158 2913 Cum
1199 2869 1359 2911 mors
1400 2852 1477 2911 sit
1515 2862 1785 2928 perstans
1824 2849 2055 2929 absque
2094 2851 2295 2927 quiete
2335 2848 2606 2909 nocens?

1000 2950 1164 3025 Quid
1207 2949 1314 3008 tibi
1358 2949 1572 3010 delicie
1612 2958 1895 3026 poterunt
1936 2948 2203 3009 conferre
2242 2948 2467 3024 gulose,

998 3047 1155 3109 Cum
1197 3065 1430 3107 morsus
1471 3048 1678 3106 mortis
1717 3047 1839 3107 fine
1881 3046 2201 3123 perhennis
2243 3046 2357 3105 eris
2378 3047 2406 3104 P

999 3144 1165 3219 Quid
1204 3162 1278 3205 ve
1319 3154 1492 3221 putas
1533 3145 1742 3204 Venus
1784 3145 1913 3221 ipsa
1952 3142 2121 3203 dabit
2160 3143 2270 3203 tibi
2311 3143 2433 3201 fine
2472 3139 2709 3215 laboriS,

1001 3238 1161 3303 Cum
1201 3242 1363 3302 calor
1402 3242 1466 3300 in
1506 3241 1791 3302 membris
1832 3242 2051 3302 desinit
2091 3259 2223 3301 esse
2261 3241 2379 3299 tuis
2400 3242 2428 3299 P

996 3342 1196 3399 Aurea
1236 3340 1383 3418 quid
1424 3340 1668 3416 prodest
1707 3339 1834 3413 tibi,
1879 3340 2067 3412 diueS,
2110 3357 2333 3415 pompa
2374 3348 2613 3398 monete
2630 3339 2659 3398 P

997 3438 1256 3498 Vltimus
1299 3439 1360 3497 in
1401 3450 1617 3498 terram
1659 3438 1796 3496 finis
1837 3446 2151 3513 vtrumque
2190 3446 2391 3496 vorat:
2941 3448 3041 3497 880

1002 3537 1141 3611 Que
1181 3536 1290 3595 tibi
1331 3536 1617 3595 sollicitus
1657 3534 1950 3611 longeuus
1990 3534 2243 3594 contulit
2281 3552 2493 3604 annus,

1001 3634 1238 3695 Cuncta
1279 3634 1454 3693 simul
1496 3634 1682 3710 rapiet
1724 3634 1871 3692 hora
1910 3640 2158 3709 repente
2200 3629 2412 3692 breuis,

1001 3731 1170 3806 Quid
1211 3749 1377 3808 reges
1418 3730 1624 3803 vinciS‚
1669 3729 1818 3807 quid
1859 3729 2068 3791 subdis
2108 3746 2305 3805 regna,
2349 3728 2627 3788 tiranneP

1003 3812 1114 3890 Est
1153 3829 1304 3889 deus
1343 3826 1615 3901 invictuS,
1659 3828 1763 3905 qui
1806 3826 1914 3888 tibi
1956 3829 2113 3889 bella
2152 3835 2336 3904 parat.

1002 3926 1171 4001 Quid
1209 3926 1321 3986 tibi
1362 3926 1520 3985 fama
1562 3928 1785 3997 volanS,
1828 3926 2036 4001 honor,
2082 3936 2185 3985 aut
2224 3925 2374 4003 quid
2414 3933 2691 4002 comptus
2733 3921 2971 3985 inanis?

1003 4026 1218 4088 Omnis
1261 4026 1423 4085 enim
1465 4024 1675 4085 mundi
1717 4024 1906 4101 gloria
1944 4042 2098 4084 vana
2138 4026 2307 4101 perit.

1083 4122 1357 4199 Occupat
1397 4132 1660 4183 extrema
1699 4123 2015 4183 stultorum
2054 4122 2273 4201 gaudia
2311 4121 2525 4197 luctuS,

1003 4221 1084 4281 Et
1122 4219 1306 4280 risum
1347 4221 1588 4281 lacrima
1626 4222 1805 4298 plena
1846 4221 2053 4282 dolore
2090 4221 2311 4281 madet.

1003 4318 1284 4395 Corporis
1325 4319 1388 4378 in
1430 4320 1634 4394 forma,
1679 4320 1827 4397 quid
1866 4321 1961 4380 vel
2000 4320 2082 4381 de
2122 4321 2302 4398 stirpe
2342 4318 2631 4397 superbiS,

1005 4418 1127 4495 Qui
1167 4418 1318 4479 cinis
1361 4418 1423 4477 in
1464 4418 1692 4479 cineres
1731 4418 2033 4481 vermibus
2074 4438 2211 4481 εεω,
2250 4418 2407 4481 redis
2425 4420 2453 4478 P
2944 4428 3048 4495 890
