3434 5142
869 384 1007 463 338

453 736 686 797 Qualiter
704 736 1010 800 parliamen-

387 809 496 851 tum
508 803 836 881 continuatur
848 820 1010 867 vsque

388 876 508 941 post
530 883 932 921 coronacnonem.

453 1534 688 1595 Qualiter
713 1537 764 1584 in
797 1536 881 1586 die
909 1537 1009 1586 sol-

387 1598 578 1662 lempni
607 1601 790 1651 nobilis
820 1601 1011 1652 Hem-i-

388 1680 480 1715 cus
523 1667 576 1714 in
631 1666 826 1716 Solium
865 1669 1010 1729 regie

385 1732 670 1781 maiestatis
707 1733 1012 1782 sublimatus

386 1812 500 1845 cum
531 1798 671 1847 omni
703 1800 889 1859 gaudio
924 1814 1008 1848 co-

385 1872 618 1913 tonatur.

453 2004 606 2067 Nota,
643 2004 864 2066 qualiter
899 2005 1008 2055 iura

387 2084 582 2119 corone
673 2072 1008 2119 serenissimo

383 2135 484 2183 iam
507 2136 620 2197 regi
652 2145 828 2186 nostro
862 2136 1006 2186 Hen-

383 2202 490 2250 rico
513 2209 696 2261 quarto
717 2202 880 2253 tribus
901 2218 1010 2251 mo-

384 2266 467 2315 dis
488 2274 788 2315 accrescunt
809 2284 821 2317 t

385 2330 559 2379 Primo
585 2332 960 2383 Successione:

381 2397 628 2445 Secundo
649 2397 945 2447 eleccione:

379 2462 569 2511 Tercio
591 2470 876 2524 conquestu
899 2464 1014 2514 sine

383 2526 652 2589 sanguinis
674 2530 941 2579 effusione.

349 3699 356 3707 “
449 3697 686 3759 Qualiter
701 3695 1007 3761 parliamen-

384 3772 492 3812 tum
518 3764 686 3815 adhuc
717 3764 812 3814 suit
841 3763 1005 3813 conti-

381 3838 610 3881 nuatum.

1092 4326 1193 4373 309
1227 4310 1431 4373 »μανείη
1451 4310 1803 4360 continuatum
1831 4309 1925 4359 suit
1946 4308 2044 4357 CH
2114 4308 2207 4359 fue?
2224 4308 2575 4359 continuatum
2599 4304 2676 4356 Hs

1027 4388 1323 4453 magestatis
1343 4387 1524 4440 CHH·

1601 386 2025 453 CRONICA
2088 386 2671 453 TRIPERTITA

1201 544 1438 631 Interea
1475 555 1682 621 gentes
1725 544 1936 605 viuunt
1976 546 2091 607 sub
2128 565 2238 625 spe
2276 548 2625 621 recolentes,

1198 643 1384 718 Quod
1417 662 1612 703 nouus
1651 663 1877 705 errores
1918 662 2019 703 rex
2059 655 2327 709 conteret
2366 644 2705 707 anteriores,

1277 740 1455 800 Sexta
1494 739 1623 804 dies
1663 740 1860 801 stabat
1900 740 2199 815 Octobris„
2240 743 2488 819 quando
2528 744 2773 821 parabat

1200 838 1333 899 Rex
1372 857 1568 899 nouus
1609 849 1815 916 optata
1852 858 1961 899 sua
2000 837 2389 917 parliamenta
2428 852 2686 903 nouata:

1199 935 1381 997 Curia
1420 936 1675 997 verbalis
1716 936 1829 996 fuit
1868 947 1931 1000 et
1964 956 2089 997 non
2130 937 2440 1011 iudicialis,
3144 965 3229 1014 310

1198 1035 1298 1095 Ad
1338 1046 1577 1113 ternpus
1617 1044 1799 1095 restat
1836 1034 2021 1095 nichil
2062 1046 2123 1096 et
2162 1036 2243 1097 de
2282 1037 2551 1115 pondere
2590 1048 2845 1115 prestat:

1201 1131 1434 1193 Dicitur
1471 1135 1774 1211 expletum
1814 1135 1981 1211 quod
2022 1132 2107 1193 nil
2146 1135 2303 1195 valet
2342 1154 2476 1195 esse
2500 1134 2789 1213 quietum,

1197 1233 1412 1292 Donec
1452 1250 1708 1309 persona
1747 1232 1899 1310 regis
1938 1231 2017 1293 sit
2058 1242 2266 1310 operta
2304 1251 2529 1293 corona
2552 1254 2571 1307 3

1195 1328 1414 1406 Sicque
1454 1328 1741 1402 coronari,
1787 1350 1969 1407 quem
2012 1329 2241 1392 Cristus
2280 1332 2408 1391 vult
2448 1330 2729 1403 venerari,

1197 1426 1472 1487 Corditer
1511 1429 1735 1487 exultat
1774 1427 1946 1506 plebs
1987 1426 2184 1487 omnis
2226 1438 2285 1488 et
2324 1428 2468 1488 inde
2510 1429 2768 1491 resultat.

1279 1524 1404 1601 Qu'i
1441 1544 1536 1584 res
1577 1523 1843 1603 disponit
1884 1536 1945 1586 et
1985 1524 2214 1587 eisdem
2256 1536 2527 1603 tempora
2567 1524 2755 1603 ponit,

1200 1623 1311 1683 Ille
1351 1621 1512 1683 diem
1555 1622 1696 1695 fixit,
1744 1622 2078 1683 Henricum
2122 1643 2244 1702 quo
2287 1622 2628 1684 benedixit:

1197 1719 1632 1783 Predestinauit
1672 1721 1823 1781 deus
1864 1720 2031 1781 illum
2073 1740 2255 1799 quem
2296 1719 2572 1795 titulauit,

1195 1821 1280 1879 Vt
1319 1838 1421 1879 rex
1456 1830 1729 1897 >regnaret
1768 1838 1879 1881 sua
1916 1838 2215 1897 regnaque
2256 1818 2613 1879 iustificaret.

1197 1918 1398 1992 Quem
1439 1918 1590 1979 deus
1632 1916 1826 1995 elegit,
1869 1917 2049 1996 regali
2089 1919 2269 1979 laude
2308 1916 2555 1995 peregit,
3138 1940 3221 1987 320

1197 2016 1375 2075 Vnde
1415 2026 1735 2076 coronatur
1776 2015 1839 2076 in
1880 2018 2231 2092 honoreque
2270 2014 2717 2095 magnificatur:

1194 2115 1496 2192 Tempore
1535 2112 1693 2177 felici
1734 2124 2013 2193 poterunt
2053 2112 2409 2191 sollempnia.
2432 2112 2571 2187 dici,

1198 2212 1335 2286 Que
1375 2222 1500 2278 tam
1541 2211 1783 2273 sacratis
1824 2211 1985 2273 horis
2025 2222 2269 2289 patuere
2309 2210 2541 2286 beatis;

1201 2308 1478 2371 Edwardi
1517 2311 1669 2371 festa
1711 2308 2085 2373 Confessoris
2126 2309 2441 2371 manifesta

1203 2407 1456 2469 Henrici
1493 2409 1712 2469 festum
1757 2408 1939 2487 Regis
1980 2418 2271 2469 testantur
2309 2410 2647 2469 honestum.

1201 2507 1380 2567 Plebs
1421 2506 1582 2567 canit
1621 2505 1685 2567 in
1726 2518 1929 2567 mente
1969 2526 2088 2585 que
2126 2507 2370 2567 resultat
2408 2504 2473 2565 in
2512 2525 2615 2567 ore
2655 2507 2959 2583 loquente,

1195 2605 1470 2684 Quisque
1509 2606 1654 2666 colit
1696 2604 2018 2678 Christum,
2061 2604 2206 2683 quia
2244 2624 2445 2683 regem
2486 2603 2731 2673 suscitat
2774 2603 2953 2665 istum
2978 2628 2999 2678 ;

1194 2703 1311 2763 Vix
1351 2706 1536 2764 homo
1578 2722 1828 2781 pensare
1867 2702 2085 2781 poterit
2124 2722 2231 2763 seu
2272 2702 2665 2775 dinumerare,

1196 2804 1333 2879 Que
1373 2813 1518 2862 tunc
1557 2803 1849 2863 fulserunt
1889 2800 2243 2879 sollempnia
2282 2812 2508 2879 quanta
2546 2803 2821 2863 fuerunt:

1196 2900 1414 2962 Omnis
1449 2912 1606 2963 terra.
1645 2903 1829 2962 deum
1871 2900 2075 2961 laudat
2114 2919 2235 2978 que
2272 2898 2435 2959 canit
2474 2898 2778 2974 iubileum,
3132 2920 3214 2971 330

1195 2999 1530 3062 Henricum
1572 2999 1796 3061 iustum
1836 3018 1955 3077 que
1996 2998 2164 3077 pium
2205 3018 2325 3076 que
2364 2999 2555 3058 ferum
2596 3017 2715 3076 que
2754 2998 3089 3059 robustum.

1192 3100 1373 3160 Vnde
1412 3108 1732 3159 coronatur
1766 3097 1927 3159 trino
1968 3098 2047 3159 de
2087 3096 2215 3157 iure
2256 3096 2556 3174 probam,

1193 3198 1473 3275 Regnum
1513 3206 1884 3275 conquestat,
1930 3216 2049 3274 que
2088 3214 2195 3272 pet
2234 3194 2353 3254 hoc
2393 3192 2509 3254 sibi
2550 3192 2643 3254 ius
2684 3194 3023 3255 manifestat
3046 3216 3065 3267 3

1194 3295 1409 3372 Regno
1449 3292 1718 3355 succedit
1757 3296 1945 3366 hereS,
1990 3312 2103 3353 nec
2142 3293 2223 3353 ab
2262 3292 2407 3353 inde
2446 3291 2711 3367 recedit3

1195 3394 1451 3470 Insuper
1488 3390 1722 3469 eligitur
1758 3410 1799 3451 a.
1834 3391 2015 3469 plebe
2053 3410 2174 3469 que
2214 3390 2299 3450 sic
2340 3388 2668 3453 stabilitur:

1193 3492 1278 3551 Vt
1319 3490 1394 3551 sit
1434 3500 1835 3567 compactum,
1879 3487 2021 3549 iuris
2062 3487 2148 3548 nil
2188 3486 2379 3549 defuit
2418 3498 2621 3549 actmn
2643 3509 2661 3562 ς

1194 3588 1438 3667 Singula
1477 3588 1843 3665 respondent
1884 3585 2137 3647 Henrici
2175 3582 2424 3664 iuraque
2464 3586 2783 3664 spondent.

1277 3690 1462 3747 Fama
1501 3688 1709 3747 volans
1750 3684 1953 3757 creuit,
1998 3703 2119 3762 que
2158 3684 2399 3745 climata
2436 3695 2655 3745 cuncta
2694 3682 2965 3762 repleuit,

1193 3788 1336 3863 Quo
1376 3786 1504 3845 laus
1545 3782 1743 3845 vexilli
1782 3803 1959 3863 super
1998 3802 2211 3844 omnes
2252 3780 2472 3862 prefuit
2512 3780 2637 3843 illi:

1190 3884 1290 3945 Sic
1329 3893 1535 3962 regnat
1571 3902 1827 3961 magnus
1864 3880 2133 3961 reprobis
2172 3883 2287 3955 leo,
2330 3879 2579 3941 mitibus
2614 3898 2821 3958 agan
3134 3901 3223 3953 3⁴⁰

1191 3985 1420 4044 Hostes
1463 3980 1743 4058 antiquos
1782 3979 1889 4058 qui
1928 3990 2106 4041 terret
2144 3991 2206 4043 et
2242 3978 2410 4058 augit
2448 3976 2693 4039 amicos.
2920 4011 2927 4017 ·

1189 4082 1365 4141 Luna
1405 4078 1567 4141 diem
1609 4082 1813 4153 donat,
1857 4099 1978 4157 qua
2020 4081 2249 4157 Regem
2290 4089 2444 4139 terra
2482 4086 2747 4150 coronat,

1191 4180 1478 4255 Marsque
1518 4198 1777 4257 sequens
1816 4188 1969 4239 terre
2010 4177 2116 4237 dat
2156 4175 2547 4255 parliamenta
2584 4176 2839 4237 referre:

2894 4308 2996 4372 318
3031 4308 3217 4371 »κατὰ

1722 4388 2152 4453 mactatast:
2350 4386 2772 4453 340th
