3434 5142
829 388 958 467 336

339 561 436 611 bus
469 560 626 611 nobili
660 560 780 609 duci
815 559 960 609 Hen-

340 628 447 677 rieo
469 628 665 676 eisdan
693 627 748 674 in
769 624 963 675 wallia

341 692 634 809 353¹.an
652 708 712 742 se
727 692 962 741 reddide-

441 2221 680 2284 Qualiter
778 2221 967 2272 nobilis

345 2287 606 2338 Heni-icus
619 2302 722 2337 vna
743 2302 860 2337 cum
884 2302 966 2338 re-

341 2370 410 2416 ge
421 2352 963 2403 RicardoetaliisLon-

343 2418 529 2469 donias
586 2419 818 2481 veniunt,
877 2418 964 2467 vbi

343 2484 516 2534 dictus
557 2498 652 2533 rex
691 2484 744 2532 in
783 2486 964 2533 turrim

344 2551 542 2611 positus
603 2564 698 2611 per
757 2548 964 2611 aliquod

341 2622 548 2678 tempus
589 2613 688 2663 sub
735 2614 968 2663 mistodia

344 2679 609 2731 remansit.

407 2770 644 2832 Qualiter
662 2770 847 2819 nobilis
861 2771 964 2819 dux

344 2836 608 2885 Heni-icus
721 2849 968 2899 proceres

341 2916 696 2964 quoscumque
739 2916 834 2963 per
885 2916 965 2949 re·

342 2982 460 3029 gem
489 2965 767 3016 Ricardum
785 2967 839 3015 in
855 2968 965 3016 exi-

341 3032 466 3081 lium
481 3031 750 3095 delegatos
763 3033 831 3081 nd
844 3047 963 3094 pro-

341 3100 453 3160 pria
470 3098 736 3148 mitissime
753 3113 965 3148 reuoca·

342 3163 432 3213 uit.

1567 379 1995 447 CRONICA
2034 378 2614 443 TRIPERTITA

1151 546 1261 605 Est
1299 553 1430 603 rota
1467 543 1704 603 fortune
1744 541 2135 621 quodamodo
2174 542 2376 618 regula
2414 542 2574 613 lune,

1148 644 1288 718 Que
1327 640 1489 720 prius
1527 639 1779 701 albescit
1818 640 1897 700 de
1936 648 2115 699 nocte
2154 658 2275 718 que
2314 649 2451 717 post
2490 636 2889 712 tenebrescit;

1148 738 1248 799 Sic
1288 740 1368 800 de
1407 758 1532 817 quo
1571 736 1779 815 scripsi
1824 736 2085 799 Rioerdo
2124 735 2375 815 contigit
2413 734 2565 815 ipsi:

1151 839 1318 898 Dum
1359 836 1521 897 stetit
1560 837 1640 897 ad
1680 836 1945 915 plenum,
1990 845 2230 896 steterat
2270 834 2385 895 sibi
2425 846 2663 912 tempus
2702 852 3011 907 amenum,

1149 936 1254 996 Set
1293 954 1435 995 cum
1474 932 1783 1007 decrescit,
1826 935 2025 993 lucem
2064 944 2211 993 tunc
2250 932 2473 994 nebula
2510 931 2741 1008 nescit3

1149 1033 1308 1095 Cum
1350 1052 1417 1093 se
1455 1030 1755 1111 peruertit,
1798 1050 1907 1091 sua
1946 1050 2119 1109 spera
2156 1031 2495 1108 retrograda
2533 1028 2723 1091 vertit.

1151 1128 1256 1190 Nil
1296 1128 1411 1190 sibi
1450 1130 1530 1190 de
1569 1126 1759 1202 benis,
1803 1127 1946 1208 quia
1986 1139 2101 1189 stat
2142 1126 2257 1190 sibi
2296 1140 2450 1189 terra
2489 1126 2741 1200 rebelliS,

1153 1228 1286 1287 Nec
1317 1246 1478 1287 mare
1519 1225 1821 1300 succurrit,
1865 1225 2097 1305 fugiens
2137 1225 2281 1305 quia
2319 1236 2501 1287 nauta
2540 1224 2820 1299 recuirit5

1151 1326 1302 1403 Spes
1343 1323 1459 1385 sibi
1498 1326 1714 1385 collata
1755 1343 1880 1385 non
1920 1335 2027 1398 est,
2072 1336 2163 1385 set
2201 1335 2264 1385 et
2302 1322 2569 1402 vndique
2608 1325 2731 1383 fata

1156 1424 1366 1501 Ipsum
1407 1422 1784 1500 torquebant,
1827 1435 1890 1484 et
1928 1425 2008 1485 ad
2048 1422 2170 1483 ima
2210 1432 2455 1501 repente
2495 1420 2783 1482 ruebant:

1153 1522 1299 1581 Non
1339 1518 1423 1579 ita
1461 1530 1688 1581 secreta
1726 1522 1863 1581 loca
1900 1532 2040 1581 sunt
2080 1540 2279 1600 neque
2318 1530 2511 1580 eastra
2548 1518 2766 1597 quieta,

1153 1620 1294 1695 Que
1333 1626 1478 1678 tunc
1519 1636 1729 1677 secura
1766 1619 1999 1681 fuerant
2036 1638 2147 1696 pro
2186 1628 2345 1679 sorte
2382 1619 2595 1677 futura.

1155 1715 1320 1777 Finis
1359 1717 1530 1777 adest
1569 1726 1759 1789 actus,
1800 1714 2030 1794 capitur
2068 1734 2169 1776 rex
2208 1716 2396 1793 fitque
2435 1714 2737 1787 subactus,

1155 1816 1236 1875 Et
1275 1813 1486 1892 reliqui
1527 1815 1692 1889 taleS,
1737 1812 1851 1875 sibi
1890 1825 2032 1875 sunt
2072 1812 2177 1892 qui
2216 1814 2601 1887 collaterales,

1153 1913 1348 1975 Caute
1387 1913 1689 1973 ducuntur
1728 1911 1905 1991 capti,
1948 1910 2053 1990 qui
2092 1913 2214 1971 fata
2252 1921 2575 1989 sequntur:

1149 2009 1249 2071 Sic
1290 2029 1390 2070 rex
1430 2022 1753 2088 preuentus
1793 2010 1965 2094 ducis
2004 2021 2094 2071 est
2132 2008 2348 2069 virtute
2386 2019 2665 2070 retentus.

1235 2106 1490 2186 Augusti
1532 2108 1756 2169 mensis
1796 2107 1963 2171 dedit
2004 2108 2139 2181 hoc,
2184 2126 2307 2185 quo
2348 2104 2789 2167 Londoniensis

1153 2205 1310 2265 Vrbs
1351 2204 1787 2283 congaudebat,
1830 2224 1952 2283 que
1991 2207 2209 2266 ducem
2250 2224 2391 2265 cum
2430 2203 2610 2264 laude
2648 2204 2918 2265 canebat.

1152 2301 1319 2362 Sicut
1357 2321 1537 2363 arena
1577 2302 1771 2376 maris,
1818 2322 2097 2363 occursus
2138 2304 2310 2363 adest
2348 2300 2665 2380 popularis,

1151 2398 1335 2460 Tanti
1373 2398 1612 2461 victoris
1655 2400 2019 2462 benedicens
2059 2410 2225 2478 gesta
2264 2397 2495 2478 vigoris.

1155 2494 1231 2553 In
1271 2492 1510 2553 Turrim
1551 2493 1761 2553 transit
1802 2496 1897 2569 R„
1943 2492 2057 2553 sub
2097 2495 2348 2555 custode
2387 2491 2709 2567 remansit3

1154 2588 1254 2652 Sic
1293 2601 1475 2668 eaput
1513 2593 1849 2669 Anglorum
1890 2589 2173 2651 minimus
2214 2590 2367 2652 iacet
2406 2590 2535 2670 ipse
2562 2588 2876 2651 minorum.

1235 2688 1320 2745 Vt
1359 2686 1435 2747 sit
1475 2706 1628 2766 opus
1669 2690 1933 2765 planum,
1976 2687 2160 2748 nichil
2202 2700 2261 2749 et
2301 2690 2379 2750 de
2420 2688 2687 2766 pondere
2727 2704 2964 2761 vanum,

1155 2786 1544 2863 Apponendo
1586 2803 1832 2845 manum
1872 2787 1996 2847 dux
2034 2796 2245 2865 purgat
2284 2787 2364 2847 ad
2405 2786 2616 2847 horrea
2652 2802 2905 2864 granum
2930 2806 2949 2858 ;

1155 2882 1355 2941 Iustos
1395 2880 1678 2956 laudauit,
1722 2880 1973 2943 iniustos
2011 2882 2385 2961 vituperauit,

1156 2980 1294 3040 Hos
1333 2979 1728 3055 confirmauit,
1771 2982 1885 3041 hos
1924 2979 2220 3061 deprimit,
2264 2982 2375 3042 hos
2417 2980 2719 3042 releuauit.

1155 3076 1351 3156 Regni
1389 3075 1724 3157 primatem,
1766 3080 2070 3140 crudelem
2110 3099 2217 3157 per
2255 3077 2546 3139 feritatem

1152 3175 1354 3250 Quem
1396 3193 1498 3235 rex
1537 3178 1855 3253 explantat,
1899 3177 2023 3237 dux
2062 3196 2135 3237 ex
2174 3176 2397 3256 pietate
2436 3178 2762 3255 replantat:

1154 3272 1563 3334 Humfredum
1602 3284 1813 3335 natum
1854 3284 2021 3352 patre
2060 3276 2347 3336 defuncto
2388 3272 2725 3351 spoliatum,

1151 3370 1353 3446 Quem
1395 3390 1496 3432 rex
1534 3370 1883 3445 transduxit,
1929 3373 2091 3433 hunc
2132 3373 2255 3433 dux
2293 3363 2591 3451 probitate
2630 3367 2879 3433 reduxit.

1152 3466 1256 3526 Nil
1297 3466 1408 3527 tibi
1447 3469 1743 3546 despereS,
1788 3452 2097 3530 Arundell⁶
2118 3471 2401 3548 profugus
2442 3470 2630 3542 heres,

1153 3566 1444 3645 Prospera
1484 3586 1749 3645 namque
1790 3565 1960 3628 ducis
2001 3566 2135 3627 fatis
2176 3578 2278 3626 tua
2316 3568 2440 3626 fata
2478 3564 2731 3627 reducis,

1151 3661 1418 3723 Warwici
1463 3662 1783 3737 Comitem,
1827 3662 1997 3723 cuius
2038 3660 2169 3723 sine
2208 3662 2455 3724 crimine
2493 3662 2661 3723 litem

1153 3759 1294 3818 Dux
1335 3756 1469 3836 pius
1508 3758 1772 3837 agnouit,
1818 3762 2051 3821 saluum
2094 3760 2173 3820 de
2210 3779 2447 3821 carcere
2486 3758 2715 3821 mouit:

1152 3855 1432 3918 Cobham
1473 3867 1632 3918 sorte
1671 3856 1798 3937 pari
1839 3859 1961 3919 dux
2000 3856 2141 3919 fecit
2182 3868 2242 3919 et
2282 3860 2445 3919 hunc
2484 3855 2791 3933 reuoem‘i3

1153 3961 1350 4023 Exilio
1389 3965 1672 4042 demptus
1711 3963 1901 4025 iustus
1942 3962 2095 4025 redit
2136 3962 2235 4025 ille
2275 3965 2619 4043 redemptus

1153 4060 1286 4120 Nec
1326 4081 1504 4139 prece
1543 4082 1656 4123 nec
1696 4064 1884 4138 don0‚
1923 4061 2121 4124 Cristo
2160 4060 2463 4123 mediante
2501 4072 2769 4139 patrona

1151 4157 1350 4218 Tanta
1389 4158 1524 4219 tulit
1563 4158 1741 4238 gratis
1782 4158 2105 4237 primordia
2144 4160 2267 4219 dux
2308 4158 2629 4220 bonitatis:

1152 4255 1236 4315 Vt
1277 4254 1438 4315 bona
1477 4267 1600 4316 tam
1641 4266 1807 4335 grata
1846 4276 2023 4335 super
2062 4258 2179 4316 hoc
2220 4257 2341 4318 sint
2380 4256 2742 4331 continuata,

1328 4382 1428 4431 239
1459 4376 1582 4419 tunc
1607 4368 1780 4421 CGHa
1848 4386 1989 4422 nunc
2016 4371 2110 4423 ΞΗ
2294 4370 2393 4433 258
2424 4369 2687 4421 Arunden
2706 4368 2860 4421 MSS.

3098 758 3189 809 230

3096 2708 3181 2762 ²50

3100 3671 3191 3723 260
