3434 5142
1146 481 1431 546 LIBER
1488 481 1856 548 SEXTUS
2472 505 2594 568 255

556 639 616 701 Ο
657 648 825 700 tener
865 658 1177 714 annorum,
1222 641 1397 702 dolus
1439 643 1499 701 in
1542 661 1665 720 quo
1706 643 1908 702 nullus
1945 640 2214 716 habetur,

556 739 819 815 Simplex
860 738 1156 813 nobilitas
1199 741 1427 817 perfida
1467 741 1585 801 tela
1625 759 1811 802 caue:

561 837 706 896 Etas
747 855 1011 913 namque
1053 837 1177 897 doli
1220 856 1343 898 non
1386 848 1447 900 te
1488 839 1627 898 sinit
1668 857 1802 900 esse
1842 855 2143 916 capacem,

561 934 701 993 Non
742 943 804 993 te
844 935 1093 1011 vultque
1134 944 1305 995 tuum
1350 936 1711 1013 degenerare
1751 954 1956 1013 genus

560 1032 712 1091 Sunt
755 1031 864 1092 tibi
909 1033 1114 1109 forma,
1156 1053 1361 1112 genus,
1406 1035 1617 1109 honor,
1659 1035 1830 1108 ordo,
1873 1033 2060 1095 decus
2101 1052 2222 1112 que
2263 1043 2564 1111 potestas3

560 1129 835 1190 Contulit
875 1131 989 1192 hec
1030 1142 1195 1193 ortus
1236 1130 1421 1193 libera
1460 1133 1625 1194 dona
1664 1141 1839 1194 tuus:
2502 1144 2606 1207 850

560 1227 774 1306 Teque
815 1239 1141 1306 sequantur
1180 1230 1262 1298 ita
1301 1229 1446 1304 laus»,
1489 1229 1693 1303 virtus,
1733 1230 1928 1307 gracia
1967 1247 2224 1303 morum,

562 1324 642 1385 Et
682 1325 770 1386 sic
810 1327 1025 1403 plenus
1067 1327 1270 1400 home,
1314 1345 1415 1386 rex
1456 1327 1570 1403 pie,
1614 1327 1754 1387 viue
1794 1327 1931 1388 de0.

472 1542 593 1598 Hie
638 1529 913 1614 loquitur
959 1549 1231 1615 qualiter
1276 1563 1391 1604 rex
1437 1565 1479 1603 a
1527 1563 1641 1604 sue
1688 1549 1906 1604 carnis
1956 1550 2290 1618 voluptate
2323 1547 2606 1604 inlcebra

405 1631 767 1699 specialiter
791 1651 863 1690 se
885 1635 1072 1692 debet
1098 1636 1441 1702 abstinere,
1472 1639 1538 1692 et
1573 1638 1691 1692 sub
1727 1651 1910 1692 sacre
1941 1637 2106 1706 legis
2143 1639 2606 1694 constitucione

404 1722 665 1788 propter
706 1722 990 1779 diuinam
1026 1724 1340 1780 offensam
1382 1739 1495 1780 sue
1538 1725 1830 1795 coniugis
1863 1727 2114 1780 tantum
2149 1725 2326 1782 licito
2361 1725 2610 1782 fruatur

406 1810 751 1865 consorcio.

194 1926 395 2002 Capm.
426 1928 523 1990 xii.

650 1930 707 1993 O
749 1950 928 2008 super
968 1951 1150 1994 omne
1188 1933 1344 2010 fuge,
1389 1934 1487 2011 pie
1528 1953 1645 2008 rex,
1692 1953 1771 1994 ne
1812 1951 1955 1994 ceca
1995 1931 2270 2011 voluptas

572 2028 787 2090 Carnis
826 2030 907 2090 ad
947 2030 1211 2091 illicebra
1250 2042 1539 2107 prouocet
1578 2041 1711 2091 acta
1752 2041 1893 2104 tua;

571 2127 839 2203 Sponsus
882 2138 973 2187 set
1016 2129 1250 2204 propria
1289 2127 1367 2188 de
1408 2127 1639 2205 legibus
1678 2138 1842 2187 vtere
1885 2145 2121 2203 sponsa,

570 2224 704 2284 Nec
731 2225 951 2302 spolies
992 2243 1225 2284 sacrum
1266 2223 1461 2284 laudis
1501 2225 1733 2284 honore
1771 2224 2032 2283 thorum.

571 2322 755 2383 Nulla
794 2333 964 2382 vetus
1005 2323 1291 2398 scriptura
1326 2323 1511 2383 docet
1550 2339 1756 2399 regum
1799 2322 1966 2398 quod
2005 2320 2085 2381 ab
2127 2339 2248 2382 euo

573 2420 743 2480 Stant
784 2420 993 2479 Venus
1034 2429 1095 2479 et
1135 2437 1381 2496 regnum
1424 2420 1734 2496 pacificata
1775 2419 1986 2480 simul:

573 2517 858 2578 Intendat
899 2518 1121 2577 Veneri
1164 2517 1329 2595 quod
1370 2518 1556 2578 homo
1597 2519 1774 2578 simul
1817 2528 1878 2578 et
1919 2517 2163 2591 racioni,

574 2616 922 2693 Numquam
964 2616 1247 2692 possibile
1288 2617 1547 2678 creditur
1587 2616 1735 2676 illud
1777 2634 1948 2692 opus,
2507 2623 2609 2675 860

577 2713 857 2774 Pluribus
899 2713 1195 2790 exemplis
1231 2713 1341 2774 tibi
1383 2715 1554 2774 luxus
1595 2715 1706 2773 erit
1747 2712 2066 2792 fugiendus
2083 2734 2108 2788 ,-

576 2809 773 2874 Biblia
811 2829 931 2888 que
971 2811 1195 2886 docuit,
1237 2813 1465 2888 respice
1504 2811 1661 2871 facta
1702 2811 1946 2873 Dauid:

578 2909 840 2970 Involuit
880 2928 1080 2986 regem
1122 2926 1403 2986 processu
1446 2911 1731 2988 temporis
1773 2928 1949 2984 error,

578 3007 725 3066 Eius
768 3007 915 3067 dum
955 3006 1150 3085 rapuit
1192 3025 1297 3068 cor
1334 3007 1597 3067 mulieris
1636 3025 1845 3069 amor:

576 3105 731 3180 Quis
772 3105 945 3166 dolor
984 3105 1128 3165 inde
1171 3104 1296 3178 fuit,
1342 3122 1450 3164 seu
1492 3122 1611 3182 que
1649 3103 1916 3164 vindicta
1955 3113 2176 3178 secuta,

575 3205 785 3264 Terret
824 3202 1027 3264 adhuc
1064 3203 1333 3262 animum
1376 3201 1481 3279 qui
1521 3201 1663 3278 legit
1702 3201 1802 3260 illa
1843 3200 1968 3260 viri.

576 3301 665 3361 Sit
704 3299 815 3361 tibi
856 3301 1033 3376 culpa
1074 3299 1277 3360 Dauid
1320 3299 1645 3375 speculum,
1690 3298 2010 3375 speculeris
2052 3298 2114 3358 in
2156 3298 2274 3373 illo,

578 3399 770 3461 Casus
810 3410 873 3460 vt
912 3397 1153 3458 alterius
1192 3406 1255 3458 te
1295 3415 1474 3474 super
1512 3396 1631 3456 alta
1671 3395 1872 3458 leuet:

576 3497 744 3557 Felix
784 3515 968 3574 quem
1006 3495 1235 3556 faciunt
1274 3495 1469 3555 aliena
1508 3494 1770 3571 pericula
1812 3503 2071 3568 cautum,

578 3596 869 3657 Precauet
906 3593 1068 3653 vnde
1108 3593 1232 3654 vias
1274 3610 1425 3670 quas
1464 3590 1628 3652 videt
1668 3601 1812 3652 ante
1853 3609 2119 3651 manum.
2516 3601 2616 3667 870

656 3691 937 3769 Respice,
980 3690 1129 3751 dum
1170 3691 1460 3767 populum
1501 3687 1661 3749 fraus
1703 3689 1866 3750 nulla
1893 3689 2128 3750 valebat
2171 3689 2488 3751 Hebreum

577 3789 852 3863 Vincere,
896 3787 1192 3848 femineus
1226 3787 1368 3847 vicit
1408 3803 1612 3847 amore
1653 3785 1850 3846 dolus.

581 3886 887 3963 Exemplis
929 3887 1175 3946 Balaam
1216 3885 1501 3958 docearis,
1547 3884 1860 3961 quomodo
1899 3902 2100 3961 regem
2599 3897 2636 3930 J

583 3985 724 4061 Ipse
766 3984 955 4044 Balak
994 3985 1225 4058 docuit,
1267 3981 1521 4060 qualiter
1561 4000 1703 4042 ecce
1743 3981 1871 4041 fuit.

582 4082 920 4145 Consilium
960 4081 1129 4142 dedit
1171 4082 1299 4158 ipse
1342 4079 1546 4153 Balak,
1590 4097 1711 4158 qua
1752 4077 1954 4140 turbet
1995 4077 2276 4140 Hebreos

584 4183 746 4255 Arte,
791 4179 1013 4257 quibus
1052 4179 1282 4257 frangat
1321 4177 1553 4238 hostica
1593 4175 1755 4238 bella
1794 4175 1970 4237 dolis,

810 4333 912 4396 849
945 4333 1199 4394 decorque
1215 4329 1259 4381 C

815 4410 941 4474 Cap.
967 4410 1058 4460 xii.
1092 4407 1340 4474 Heads‘ng
1362 4424 1385 4459 1
1413 4407 1655 4458 illecebra
1678 4405 1771 4458 ΟΕ
1795 4407 1873 4474 (ω
1893 4407 2001 4458 also
2024 4405 2188 4475 below)

814 4491 915 4553 873
950 4488 1203 4553 Exemplo
1226 4488 1272 4539 C
