3434 5142
820 454 905 515 66
1528 448 1729 515 VOX
1791 448 2334 516 CLAMANTIS

894 636 1014 691 Hic
1060 636 1259 691 eciam
1307 634 1645 691 secundum
1693 634 2012 690 visionem
2059 634 2334 702 sompnii
2383 632 2684 690 describit
2733 636 2916 705 quasi
2957 636 3026 691 in

822 724 1082 793 propria
1126 738 1401 793 persona
1438 724 1779 791 angustias
1817 724 2041 778 varias
2083 736 2202 791 que
2245 723 2712 791 contingebant
2757 724 2883 780 hiis
2925 726 3028 793 qui

824 815 979 868 tunc
1038 828 1153 881 pro
1210 814 1555 868 securitate
1607 810 1954 881 optinenda.
2006 812 2076 865 in
2123 810 2371 865 Tui-dm
2429 812 2895 867 Londonierum
2955 828 3028 868 se

823 901 1151 966 miserunt,
1192 905 1259 957 et
1302 902 1378 958 de
1420 904 1688 969 ruptura
1726 900 2004 963 eiusdem
2039 899 2268 955 turris:
2321 900 2556 967 figurat
2589 902 2758 957 enim
2794 902 3028 957 dictam

821 990 1043 1044 turrim
1066 990 1333 1046 similem
1356 1006 1501 1046 eene
1523 989 1677 1044 naui
1700 1002 1898 1057 prope
1920 988 2296 1057 voraginem
2323 988 2480 1045 cille
2503 989 2908 1057 periclitanti.

570 1112 765 1185 Capm.
796 1110 929 1169 xvii.
1073 1112 1351 1188 Amplius
1390 1119 1453 1170 vt
1496 1110 1615 1171 vidi
1656 1110 1800 1187 quia
1839 1109 1934 1169 lex
1974 1124 2099 1169 non
2141 1118 2392 1171 nouerat
2431 1109 2665 1186 orb'em,

986 1210 1234 1271 Creuit
1272 1218 1343 1269 et
1384 1226 1467 1268 ex
1506 1208 1680 1269 variis
1721 1225 1926 1267 rumor
1965 1206 2188 1284 vbique
2227 1207 2415 1280 malis,

986 1308 1081 1367 En
1125 1318 1333 1384 stupor
1374 1308 1435 1365 in
1478 1308 1747 1384 sompnis
1788 1307 1976 1383 magis
2017 1322 2090 1365 ac
2131 1306 2319 1382 magis
2359 1306 2504 1366 inde
2545 1306 2821 1384 timorem

987 1407 1297 1478 Prouocat,
1342 1415 1403 1465 et
1444 1404 1660 1465 dubias
1700 1406 1813 1465 fert
1855 1404 2039 1463 michi
2081 1420 2225 1480 sepe
2265 1404 2433 1465 vias:

986 1504 1154 1579 Quid
1193 1503 1452 1564 facerem
1494 1514 1787 1576 metuens,
1831 1512 1934 1561 aut
1976 1502 2126 1579 quid
2169 1502 2350 1561 michi
2393 1503 2626 1563 cercius
2665 1512 2824 1563 esset

987 1604 1291 1679 Ignorans,
1337 1601 1545 1661 oculos
1584 1609 1876 1677 spen-serat
1917 1600 2002 1660 ira
2041 1618 2227 1661 meos,

986 1700 1177 1761 Haud
1216 1700 1423 1777 procul
1463 1699 1667 1775 aspexi
1708 1716 1946 1772 nauem,
1990 1716 2438 1777 properansque
2477 1698 2727 1772 cucurri,

986 1800 1125 1859 Sors
1166 1816 1303 1858 mea
1343 1798 1392 1857 si
1433 1798 1587 1857 forte
1626 1796 1820 1856 tucior
1860 1804 2020 1857 esset
2059 1796 2144 1856 ibi
2168 1816 2186 1872 3
2899 1807 3056 1881 1600⁶

983 1897 1267 1974 Ecceque
1306 1895 1465 1955 scala
1506 1894 1688 1954 michi
1729 1894 1936 1972 patuit,
1979 1912 2101 1972 qua
2141 1912 2388 1955 scansus
2429 1896 2492 1955 in
2533 1895 2739 1969 altum,

984 1994 1228 2068 Intraui,
1272 2010 1393 2071 que
1434 1993 1569 2070 pius
1608 1993 1715 2053 dat
1757 1993 1940 2053 michi
1982 2003 2165 2053 nauta
2203 1993 2425 2053 locum.

984 2092 1241 2169 Ingenui
1284 2110 1459 2151 sexus
1500 2091 1647 2152 alios
1689 2092 2098 2152 conscendere
2139 2108 2359 2151 nauem

982 2188 1124 2249 Vidi
1166 2207 1347 2266 quam
1392 2188 1605 2266 plures,
1651 2206 1805 2266 quos
1847 2188 2026 2249 timor
2066 2189 2264 2248 omnis
2306 2187 2524 2249 habet:

979 2287 1099 2345 Vix
1139 2286 1251 2347 fuit
1290 2304 1327 2346 a
1368 2288 1571 2363 planta
1610 2286 1791 2363 capiti
1831 2287 2049 2364 gradus
2091 2286 2244 2345 vllus
2283 2302 2494 2347 eorum

986 2384 1111 2461 Qui
1152 2394 1299 2444 tunc
1340 2383 1420 2444 de
1460 2384 1642 2461 stirpe
1682 2383 2012 2445 nobilitatis
2053 2394 2240 2458 erant,

982 2482 1151 2558 Quin
1192 2482 1371 2541 maris
1412 2482 1475 2540 in
1516 2481 1723 2541 medio
1763 2482 2020 2559 pauidus
2061 2481 2492 2542 conscenderat
2532 2482 2634 2543 ille

982 2581 1271 2654 Classem,
1315 2596 1439 2657 quo
1478 2580 1766 2657 requiem,
1810 2580 1860 2641 si
1902 2580 2054 2641 soret
2092 2580 2226 2655 vlla,
2271 2589 2452 2657 petat.

982 2679 1086 2739 Set
1126 2677 1274 2755 quid
1315 2687 1494 2755 agant
1533 2676 1651 2751 alii,
1694 2696 1932 2755 semper
1971 2678 2154 2738 michi
2195 2694 2336 2737 cura
2377 2677 2662 2738 remansit

982 2776 1137 2850 Vna,
1181 2776 1348 2853 quod
1388 2792 1425 2835 a
1464 2775 1629 2835 furiis
1670 2785 1836 2835 tutus
1877 2774 2041 2836 abire
2081 2792 2323 2853 queam.
2895 2784 3027 2835 1610

983 2874 1173 2935 Nauis
1216 2874 1279 2933 in
1321 2873 1588 2952 ingressu
1632 2874 1854 2951 pauida
1893 2873 1974 2935 de
2015 2882 2217 2934 mente
2257 2872 2481 2951 rogaui,

980 2974 1067 3032 Vt
1105 2972 1289 3032 michi
1330 2972 1435 3033 det
1474 2972 1679 3033 faciles
1721 2972 1878 3031 vtilis
1919 2990 2062 3032 aura
2103 2973 2264 3033 vias:

984 3069 1185 3146 Quem
1228 3088 1390 3131 mare
1431 3088 1738 3148 quemque
1777 3071 1984 3131 colunt
2025 3072 2206 3145 venti,
2253 3088 2358 3148 per
2395 3080 2536 3131 vota
2577 3070 2857 3144 reclamo,

979 3169 1063 3230 Vt
1104 3167 1287 3228 michi
1328 3169 1432 3229 det
1473 3168 1778 3246 placidum
1819 3186 1928 3246 per
1967 3186 2130 3229 mare
2170 3170 2402 3232 Cristus
2441 3170 2590 3231 iter:

982 3268 1115 3327 ‘Tu
1156 3267 1355 3341 michi,
1402 3265 1572 3327 stella
1610 3268 1807 3342 mariS,
1849 3268 1931 3327 sis
1973 3268 2197 3344 preuia,
2239 3286 2364 3345 quo
2405 3268 2556 3328 ferar
2595 3267 2812 3344 vndis3

980 3364 1072 3427 Sit
1109 3363 1220 3425 tibi
1261 3384 1405 3425 cura
1444 3366 1582 3439 mei,
1625 3376 1689 3426 te
1730 3366 1888 3427 duce
1929 3374 2093 3425 tutus
2135 3366 2276 3425 ero!

1061 3463 1221 3525 Cum
1264 3464 1441 3523 maris
1482 3464 1644 3525 vnda
1684 3463 1893 3541 procul
1932 3482 1970 3523 a
2010 3463 2184 3523 litore
2224 3480 2336 3523 nos
2377 3464 2687 3541 rapuisset,

977 3560 1171 3621 Nauis
1210 3570 1273 3621 et
1314 3571 1521 3638 optato
1564 3562 1812 3621 flumine
1851 3560 2071 3637 oerpsit
2113 3560 2238 3634 iter,

979 3661 1037 3718 A
1078 3658 1243 3719 furiis
1282 3670 1436 3720 terre
1476 3668 1623 3719 tunc
1664 3658 1920 3735 amplius
1961 3674 2096 3718 esse
2135 3658 2408 3735 quietum

980 3757 1091 3817 Me
1130 3756 1269 3831 dixi,
1314 3766 1405 3818 set
1448 3755 1509 3816 in
1552 3758 1670 3817 hoc
1710 3772 1848 3834 spes
1891 3774 2028 3817 mea
2065 3774 2221 3815 vana
2262 3755 2374 3816 fuit
2391 3777 2411 3831 ς
2887 3765 3021 3816 1620

982 3856 1140 3915 Nam
1184 3872 1320 3915 mea
1361 3854 1607 3933 quando
1648 3854 1760 3914 fuit
1799 3872 1938 3931 spes
1979 3855 2171 3913 maior
2209 3863 2274 3914 vt
2315 3854 2444 3931 ipse
2483 3854 2738 3915 salutem

980 3952 1414 4030 Consequerer,
1458 3952 1659 4013 subito
1698 3970 1881 4013 musa
1919 3951 2144 4011 doloris
2182 3952 2370 4011 adest.

981 4049 1332 4111 Terribilem
1376 4052 1546 4128 picea
1586 4060 1781 4111 tectus
1821 4050 2076 4128 caligine
2115 4050 2347 4109 vultum

980 4148 1169 4209 Ether
1206 4148 1285 4209 ab
1326 4150 1563 4210 excelso
1601 4158 1950 4209 commouet
1989 4166 2155 4208 anna
2195 4148 2357 4208 fretis
2383 4166 2397 4207 :

980 4245 1255 4321 Quatuor
1294 4264 1400 4306 ora
1440 4247 1702 4307 ftemunt
1743 4256 2054 4307 ventorum
2099 4247 2200 4319 sic,
2247 4245 2415 4323 quod
2456 4244 2750 4307 inermem

1276 4364 1400 4426 Cap.
1427 4362 1554 4415 xvii.
1575 4363 1817 4429 Πισαίοις
1877 4378 1908 4412 a
1930 4378 2158 4427 persona
2181 4363 2390 4427 propria
2413 4360 2613 4413 cnm·

1280 4442 1407 4491 1610
1440 4439 1605 4505 tutus]
1632 4448 1814 4491 cautus
1837 4441 1886 4490 D
