3434 5142
1211 454 1498 519 LIBER
1551 456 1968 523 TERCIUS
2574 484 2693 545 109

649 610 752 671 Set
792 630 919 672 non
961 622 1104 674 sunt
1143 614 1257 674 ista
1293 615 1512 692 gaudia
1553 626 1694 676 nata
1736 617 1893 679 fide:

651 708 880 770 Sufficit
921 710 1034 769 hiis
1077 712 1204 771 sola
1243 712 1383 773 ficte
1421 714 1658 791 pietatis
1699 715 1762 773 in
1806 714 2031 787 vmbra,

653 807 877 866 Dicant
919 810 1214 885 pomposi,
1259 828 1440 888 quam
1481 812 1615 889 pius
1657 813 1809 873 ordo
1851 813 1969 874 dei.
2038 806 2043 811 ’

649 904 768 964 Pro
811 905 951 966 fidei
993 908 1216 968 meritis
1259 909 1464 985 prelati
1507 919 1597 969 tot
1637 910 1969 987 paciuntur,

651 1002 831 1063 Vnde
874 1004 1030 1065 viros
1071 1016 1310 1066 sanctos
1351 1024 1464 1067 nos
1506 1017 1851 1085 reputamus
1893 1026 2015 1070 eos.

557 1234 677 1292 Hic
710 1238 992 1308 loquitur
1032 1241 1112 1297 de
1151 1244 1414 1311 prelatis
1453 1244 1582 1299 illis
1618 1245 1726 1314 qui
1768 1246 2054 1304 carnalia
2096 1250 2475 1317 appetentes
2515 1250 2690 1307 vltra

485 1326 734 1381 modum
759 1329 1026 1387 delicate
1047 1331 1290 1388 viunnt.

329 1443 530 1520 Capm.
561 1448 620 1509 ii.
746 1454 1063 1515 Permanet
1102 1474 1244 1515 ecce
1284 1464 1474 1517 status
1513 1456 1772 1528 Thome,
1812 1456 1991 1519 cessit
2029 1467 2233 1519 tamen
2274 1468 2463 1533 actm,

652 1550 711 1609 N
714 1569 1002 1629 ormaque
1047 1554 1292 1613 Martini
1333 1554 1565 1632 deperit
1603 1555 1763 1615 alma
1804 1556 2014 1632 quasi3
2624 1567 2695 1617 80

651 1648 750 1708 Sic
791 1650 894 1727 qui
937 1662 1137 1728 pastor
1178 1662 1322 1724 erat,
1366 1669 1530 1711 nunc
1571 1649 1980 1713 Mercenarius
2022 1663 2199 1727 extat,

650 1746 794 1823 Quo
833 1748 1097 1825 fugiente
1136 1750 1312 1827 lupus
1352 1750 1573 1827 spergit
1612 1749 1837 1827 vbique
1875 1768 2133 1828 gregem.

652 1845 796 1905 Non
837 1856 1016 1923 caput
1057 1848 1119 1907 in
1158 1847 1360 1925 gladio
1401 1848 1521 1907 iam
1562 1848 1763 1921 vincit,
1809 1866 1924 1909 nec
1966 1849 2122 1909 valet
2164 1860 2295 1910 arto

648 1942 906 2003 Vincere
945 1942 1140 2004 cilicio
1180 1944 1464 2004 deliciosa
1505 1962 1677 2005 caro:

650 2038 919 2101 Ollarum
961 2060 1169 2103 carnes
1209 2044 1485 2119 preponit
1525 2042 1765 2117 fercula,
1810 2060 2034 2119 porrosz,

650 2136 852 2197 Gebas
893 2157 1002 2215 pro
1045 2158 1266 2199 manna
1305 2140 1504 2217 presul
1546 2138 1770 2199 habere
1810 2140 1983 2217 petit.

649 2236 977 2297 Prodolor!
1046 2255 1124 2297 en
1165 2238 1312 2298 tales
1352 2238 1519 2298 sinus
1559 2237 1811 2297 ecclesie
1850 2238 2037 2301 modo
2080 2238 2280 2311 nutrit,

653 2334 775 2409 Qui
817 2352 925 2411 pro
967 2334 1190 2395 diuinis
1231 2345 1420 2395 terrea
1460 2354 1614 2396 vana
1653 2346 1887 2413 petunt.

650 2430 919 2492 Ollarum
961 2450 1170 2493 carnes
1212 2433 1469 2493 carnalia
1508 2434 1665 2492 facta
1707 2433 1979 2510 figurant,

651 2528 790 2603 Que
830 2530 992 2591 velut
1032 2530 1094 2589 in
1137 2530 1275 2591 cleri
1319 2548 1496 2590 carne
1536 2529 1728 2591 libido
1768 2531 1990 2608 coquit.
2621 2556 2689 2606 90

650 2626 760 2686 Est
800 2628 964 2687 carni
1004 2637 1258 2705 cognata
1299 2646 1504 2701 venuS,
1549 2626 1861 2701 iactancia,
1905 2628 2115 2701 fastuS,

648 2724 946 2800 AmbiciO,
991 2725 1162 2801 liuor,
1205 2724 1462 2802 crapula,
1509 2725 1648 2799 rixa,
1691 2725 1887 2785 dolus.

649 2822 874 2883 Ventre
912 2823 1181 2901 saginato
1221 2824 1452 2883 veneris
1491 2822 1747 2899 suspirat
1786 2821 1866 2882 ad
1907 2840 2080 2883 vsum

651 2919 863 2982 Carnis
904 2921 1098 2981 amica
1137 2938 1294 2997 εει-ο,
1339 2938 1557 2981 carnea
1599 2916 1873 2979 membra
1910 2930 2161 2997 petens:

649 3018 729 3078 Et
770 3020 857 3079 sic
898 3037 1021 3079 non
1063 3028 1346 3096 poterunt
1389 3019 1671 3079 virtutum
1714 3026 1958 3095 tangere
1998 3018 2257 3093 culmen,

650 3116 814 3175 Dum
857 3116 1323 3185 dominatuneis
1365 3117 1586 3177 ventris
1629 3115 1828 3194 iniqus
1868 3133 2052 3176 amor.

729 3213 1096 3275 Subuertunt
1138 3214 1466 3279 Sodomam
1507 3224 1723 3289 tumor,
1768 3212 1917 3287 ocia,
1962 3213 2137 3289 copia
2176 3214 2365 3291 pani5‚

650 3312 1056 3389 Impietasque
1097 3322 1308 3375 tenax:
1350 3314 1572 3391 presul,
1611 3312 1691 3373 ad
1734 3312 1846 3371 ista
1885 3328 2050 3371 caue.

647 3410 751 3470 Set
793 3411 980 3471 modo
1023 3412 1232 3488 prelati
1273 3411 1477 3472 dicant
1519 3410 1701 3469 michi
1746 3408 2035 3487 quicquid
2075 3409 2156 3469 ad
2194 3426 2384 3480 aureS,

647 3508 772 3567 Lex
811 3516 1014 3568 tamen
1055 3526 1129 3569 ex
1167 3509 1409 3586 proprio
1449 3508 1602 3568 velle
1640 3506 1932 3585 gubernat
1974 3524 2114 3567 eos:
2365 3576 2371 3581 .
2592 3526 2689 3564 100

649 3604 712 3664 Si
751 3607 984 3667 mundo
1024 3606 1298 3684 placeant
1338 3606 1622 3683 carnique
1663 3605 1971 3683 placencia
2005 3603 2278 3676 reddant,

649 3702 743 3761 Ex
781 3704 982 3763 anima
1021 3704 1204 3764 virtus
1243 3722 1377 3764 raro
1415 3702 1676 3781 placebit
1720 3704 1823 3763 εἰς.

649 3801 890 3862 Bachus
929 3800 1100 3862 adest
1137 3802 1294 3863 festo
1333 3801 1541 3880 patulo
1581 3801 1831 3861 diffusus
1874 3800 1937 3859 in
1977 3816 2139 3872 aure,

648 3898 923 3959 Precellit
962 3899 1176 3961 calices
1216 3899 1407 3959 maior
1445 3899 1675 3959 honore
1714 3898 1967 3975 ciphus;

653 3996 1010 4059 Glorificans
1049 4016 1322 4059 mensam
1361 4015 1489 4057 non
1531 4014 1709 4056 aurea
1750 4014 1893 4055 vasa
1932 3993 2221 4067 recondit,

650 4094 793 4170 Quo
833 4096 1051 4172 poterit
1089 4115 1247 4157 vano
1285 4114 1475 4157 vanus
1515 4096 1746 4155 honore
1785 4093 1917 4152 frui.

650 4194 818 4253 Aula‘
849 4202 1014 4270 patet
1053 4195 1286 4254 cunctis
1327 4204 1654 4270 oneratque
1695 4191 1916 4252 cibaria
1956 4207 2211 4262 mensas,

650 4291 1052 4369 Indulgetque
1091 4291 1270 4353 nimis
1309 4290 1553 4370 potibus
1593 4300 1777 4368 atque
1816 4288 2002 4351 cibis:

781 4439 843 4487 81
881 4436 1238 4489 Marcenarius
1259 4436 1307 4488 G
1376 4435 1753 4488 mercennarius
1774 4434 1819 4486 E
2030 4434 2098 4484 86
2129 4432 2318 4484 Glebas
2344 4434 2392 4481 D
