3434 5142
1172 463 1456 528 LIBER
1514 445 1963 543 QmNTus‘
1999 461 2007 466 “
2049 453 2111 518 -·-
2146 521 2170 527 ..

2179 534 2211 547 ἦ

2220 551 2308 565 *⁴*-

622 623 724 685 Nil
766 623 880 684 sibi
922 624 1017 685 lex
1057 624 1253 700 posita
1293 625 1553 701 prodest,
1598 643 1740 684 nam
1782 624 1983 703 regula
2025 625 2185 685 nulla

619 720 868 782 Talibus
909 733 1014 796 est,
1060 741 1175 782 nec
1214 721 1348 800 quis
1388 723 1665 799 prouidet
1706 722 1850 782 inde
1889 723 2096 784 malis:

623 819 763 879 Hec
804 828 895 880 est
932 837 1081 898 gens
1121 819 1361 881 racione
1400 837 1607 880 carens
1646 831 1711 880 vt
1752 820 1959 894 bestia,
2005 839 2267 899 namque

622 916 765 978 Non
805 928 967 977 amat
1006 917 1121 978 hec
1160 918 1487 992 hominem,
1531 935 1645 978 nec
1684 927 1856 994 putat
1896 936 2030 980 esse
2067 919 2270 980 deum.

620 1016 777 1088 Hiis,
821 1016 936 1075 nisi
975 1016 1207 1076 iusticia
1247 1016 1421 1076 fuerit
1461 1025 1682 1077 terrore
1721 1025 1940 1094 parata,

620 1112 1031 1174 Succumbent
1069 1114 1301 1175 domini
1342 1125 1613 1193 tempore
1652 1114 1836 1176 credo
1878 1114 2064 1176 breui.

2535 485 2662 544 219

2558 731 2660 798 650

532 1329 693 1399 Quia
738 1329 967 1385 varias
1013 1344 1219 1384 rernm
1266 1331 1690 1401 proprietates
1736 1329 1882 1386 veui
1926 1331 2202 1386 hnmano
2253 1332 2660 1386 necessarias

458 1417 650 1471 nulla.
688 1415 765 1474 de
824 1431 897 1474 oe
953 1416 1281 1488 prouincia
1339 1420 1481 1474 oola
1535 1419 1811 1487 parturit
1863 1419 2223 1485 vniticrsas,
2274 1421 2444 1474 inter
2495 1419 2660 1474 alios

460 1505 675 1559 mnndi
717 1504 1117 1561 coamatores
1158 1505 1397 1560 Cinium
1445 1505 1837 1562 Her-catores
1876 1506 2314 1571 instituuntur,
2351 1519 2464 1576 per
2499 1521 2661 1575 quos

459 1593 853 1661 singularum
912 1594 1086 1648 bona
1143 1595 1467 1662 regionum
1530 1594 1898 1650 alternatim
1960 1594 2520 1658 communicantur,
2581 1592 2660 1650 de

460 1695 722 1748 quornm
758 1679 887 1734 iam
924 1681 1175 1736 actibus
1210 1682 1485 1737 scribere
1520 1685 1981 1750 consequenter
2014 1681 2304 1737 intendit.

269 1807 464 1880 Capm.
497 1805 571 1864 xi.

698 1803 760 1864 Si
803 1821 939 1863 mea
978 1802 1284 1863 nobilibus
1323 1801 1563 1863 vrbanis
1603 1802 1820 1880 scripta
1859 1803 2180 1876 revoluam,

624 1902 789 1978 Quid
832 1902 1045 1975 dicam,
1090 1909 1182 1961 set
1223 1902 1309 1961 eis
1350 1911 1439 1961 est
1481 1901 1675 1961 honor
1715 1912 1806 1961 est
1847 1910 1908 1961 et
1949 1903 2146 1960 onus?

622 1998 733 2058 Est
773 1999 968 2059 honor
1008 2007 1071 2058 vt
1110 2006 1305 2057 tantas
1346 2007 1549 2057 teneat
1590 1997 1760 2058 Ciuis
1801 1996 1914 2057 sibi
1954 2015 2142 2075 gasaS,

620 2097 731 2157 Est
772 2115 925 2157 onus
966 2106 1030 2157 vt
1069 2097 1233 2155 lucra
1270 2095 1464 2173 querit
1505 2093 1728 2155 habere
1767 2096 1957 2156 mala:

622 2195 733 2255 Est
774 2195 971 2254 honor
1011 2194 1273 2254 officium
1315 2193 1555 2254 maioris
1596 2194 1885 2270 prendere
1926 2194 2140 2267 ciuem,

620 2293 731 2353 Est
772 2311 927 2352 onus
967 2290 1147 2351 officii
1189 2291 1314 2351 iura
1354 2301 1558 2351 tenere
1599 2292 1726 2352 sui:

620 2389 861 2449 Transit
901 2389 1096 2450 honor
1136 2399 1227 2450 set
1268 2399 1489 2466 perstat
1530 2406 1701 2462 onuS,
1745 2388 1911 2466 quod
1952 2388 2002 2448 si
2045 2389 2202 2449 male
2241 2389 2436 2466 gessit,

622 2488 764 2548 Hoc
806 2487 949 2561 scio,
995 2487 1162 2565 quod
1202 2487 1439 2564 pondus
1480 2505 1603 2546 non
1646 2485 1890 2546 leuiabit
1932 2486 2143 2547 honor.

621 2584 779 2645 Vrbs
820 2596 937 2645 stat
976 2586 1315 2646 communis
1357 2585 1435 2645 de
1474 2583 1752 2662 gentibus
1795 2602 1938 2645 ecce
1977 2584 2229 2657 duabus

623 2683 774 2742 Sunt
817 2684 1201 2755 Mercatores,
1244 2693 1384 2743 sunt
1425 2682 1602 2742 simul
1642 2683 1935 2743 artifices:

626 2782 864 2858 Indiget
904 2782 1142 2842 alterius
1182 2782 1269 2842 sic
1309 2781 1457 2842 alter
1495 2780 1718 2842 habere
1759 2783 2061 2855 iuuamen,

621 2880 706 2939 Vt
746 2879 822 2938 sit
862 2879 1199 2939 communis
1239 2879 1327 2938 sic
1366 2897 1535 2939 amor
1574 2879 1728 2938 inter
1768 2898 1873 2939 eos
1893 2901 1912 2954 3

620 2977 877 3035 Vincula
919 2995 1179 3054 namque
1218 2977 1343 3036 duo
1385 2975 1499 3036 sibi
1540 2977 1834 3053 stringunt
1875 2977 2094 3036 sorcius
2134 2994 2268 3048 vn0,

624 3074 723 3133 Sic
762 3074 887 3133 duo
926 3091 1067 3133 cum
1108 3073 1255 3133 socii
1296 3075 1416 3133 sint
1457 3073 1519 3132 in
1560 3091 1766 3134 amore
1808 3073 1998 3150 probi.

621 3170 787 3230 Inter
827 3170 1077 3230 maiores
1120 3171 1265 3230 dum
1310 3171 1513 3229 firmus
1556 3188 1846 3248 amorque
1886 3170 2146 3232 minores

624 3269 955 3342 Permanet,
998 3267 1137 3328 vrbs
1177 3268 1398 3344 gaudet
1440 3278 1499 3329 et
1541 3268 1759 3345 policia
1800 3268 1991 3346 viget:

622 3367 907 3428 Crescere
948 3385 1070 3426 rem
1115 3366 1425 3425 minimam
1466 3366 1661 3442 gentis
1701 3367 2026 3426 concordia
2065 3377 2304 3443 prestat,

621 3466 890 3525 Maxima
928 3483 1021 3525 res
1062 3463 1291 3524 discors
1330 3463 1547 3523 labitur
1588 3461 1774 3540 inque
1815 3463 2015 3523 nichil.

616 3564 781 3623 Vnio
825 3563 970 3622 dum
1011 3562 1204 3639 gentis
1246 3562 1435 3634 durat,
1481 3559 1720 3622 durabit
1760 3572 1821 3622 et
1861 3559 2021 3622 vrbis

617 3662 835 3720 Mutua
875 3661 1121 3735 iusticia,
1166 3660 1396 3739 plaudit
1436 3671 1495 3720 et
1538 3661 1736 3721 omnis
1777 3679 1885 3735 ea;

618 3759 679 3818 Si
722 3759 797 3818 sit
837 3766 898 3818 et
938 3769 1197 3833 econtra,
1239 3769 1386 3819 tunc
1424 3758 1600 3820 vrbes
1641 3769 1848 3819 mutua
1890 3759 2155 3834 dampna

616 3857 867 3929 Vexant,
910 3867 971 3917 et
1012 3875 1140 3916 rara
1182 3868 1322 3918 sunt
1362 3858 1549 3934 magis
1593 3857 1738 3918 inde
1777 3858 1956 3916 lucra.

696 3953 863 4013 Sicut
904 3963 965 4014 et
1004 3953 1225 4028 audiui,
1270 3955 1356 4014 sic
1398 3973 1643 4031 possum
1688 3953 2004 4027 testificari,

618 4051 732 4109 Vix
773 4051 943 4112 sedet
984 4051 1046 4110 in
1089 4053 1296 4111 Banco
1336 4052 1537 4128 regula
1578 4053 1733 4112 iusta
1773 4051 1995 4113 modo:

617 4149 759 4209 Non
802 4149 955 4226 sapit
996 4148 1095 4208 ille
1135 4148 1317 4209 deum
1358 4150 1464 4228 qui
1506 4159 1669 4210 totus
1709 4150 1940 4210 inheret
1980 4148 2326 4212 habendum

618 4248 751 4306 Has
792 4263 1043 4324 pompas
1086 4246 1314 4320 mundi,
1358 4265 1584 4307 nornen
1626 4257 1689 4307 vt
1729 4247 1912 4308 addat
1951 4248 2026 4308 ei.

618 4345 691 4404 In
734 4344 933 4422 specie
976 4343 1173 4404 nullos
1214 4353 1414 4404 statuo
1454 4363 1655 4422 neque
1694 4345 1892 4423 culpo,
1936 4354 2026 4407 set
2065 4345 2198 4406 illos

616 4442 737 4520 Qui
778 4451 1020 4521 propter
1059 4442 1355 4504 mundum
1396 4445 1714 4522 preteriere
1754 4443 1969 4506 deum:

2557 2297 2657 2350 660

2558 3276 2659 3344 670

2553 4253 2656 4306 680
