3434 5142
880 396 999 461 ¹⁴4
1580 374 1776 442 vox
1836 374 2377 442 CLAMANTIS
2440 372 2453 383 ·

1040 538 1308 599 Intumet
1347 537 1588 599 vlterius
1629 556 1813 615 quam
1855 534 2145 599 tumuisse
2186 536 2377 597 decet.

1119 634 1342 697 Littera
1380 637 1528 697 dum
1574 634 1758 713 Regis
1800 637 2051 714 Papa-les
2090 634 2389 713 supplicat
2426 653 2617 707 aures,

1035 733 1247 795 Simon
1287 745 1347 796 et
1387 746 1479 796 est
1520 733 1774 809 mediuS,
1816 745 1999 813 vngat
2036 744 2103 794 vt
2142 732 2271 811 ipse
2312 752 2543 806 manuS,

1036 833 1134 892 En
1175 832 1402 893 laicus
1443 844 1647 893 noster
1685 833 1755 892 fit
1794 830 2043 892 clericus
2082 842 2259 909 aptus
2298 842 2365 891 vt
2404 849 2617 893 omnes

1035 928 1282 991 Simone
1321 931 1630 990 consultus
1671 930 1922 990 scandat
1962 928 2027 988 in
2068 928 2215 991 orbe
2254 930 2489 1007 gradus.

1037 1026 1161 1089 Hic
1201 1027 1305 1106 qui
1346 1048 1572 1107 pauper
1611 1026 1739 1088 heri
1780 1029 1970 1088 fuerat
2010 1026 2181 1105 quasi
2222 1028 2423 1089 nudus
2463 1038 2525 1087 et
2564 1025 2733 1087 omni

1035 1126 1245 1187 Laude
1285 1145 1508 1198 carenS,
1553 1144 1668 1185 nec
1709 1144 1849 1186 eum
1891 1123 2073 1203 patn's
2114 1124 2377 1186 habebat
2417 1125 2626 1197 honor,
2954 1136 3091 1197 1380
3219 1063 3239 1332 k
3342 1142 3353 1215 3

1035 1222 1225 1285 Cuius
1265 1234 1391 1285 erat
1431 1223 1635 1285 tunica
1673 1221 1823 1296 vilis,
1867 1242 1992 1283 non
2033 1225 2195 1301 larga
2234 1232 2327 1283 set
2366 1234 2508 1296 arta,

1036 1321 1154 1381 Vix
1195 1320 1311 1381 sibi
1351 1340 1470 1399 que
1511 1318 1704 1399 tetigit
1744 1319 2125 1399 simplicitate
2165 1339 2341 1397 genu,

1037 1420 1223 1481 Hunc
1265 1418 1536 1498 polimita
1576 1420 1764 1479 modo
1803 1417 1981 1479 vestis
2022 1417 2370 1492 circumdat,
2414 1428 2476 1479 et
2514 1414 2645 1479 eius

1032 1518 1326 1578 Alludens
1367 1516 1622 1595 pedibus
1663 1515 1899 1577 fimbria
1936 1515 2149 1577 lambit
2190 1518 2482 1576 humum:

1031 1614 1232 1676 Vestis
1273 1634 1392 1692 que
1433 1615 1700 1675 medium
1742 1634 1867 1675 non
1908 1614 2079 1675 nouit
2119 1610 2372 1692 poplicis
2413 1612 2576 1687 olim,

1034 1714 1166 1773 Iam
1187 1711 1352 1778 ,colit
1391 1713 1507 1773 hec
1549 1713 1699 1773 talos
1742 1715 1949 1773 oscula
1987 1712 2193 1774 dando
2234 1711 2393 1790 pedi.

1030 1810 1094 1871 Si
1135 1810 1347 1872 mundi
1388 1812 1699 1889 speculum
1741 1810 2017 1872 scruteris
2056 1809 2120 1870 in
2162 1809 2339 1871 huius
2378 1806 2623 1882 amictu,

1031 1907 1295 1969 Plurima
1334 1907 1578 1969 rectoris
1618 1928 1859 1970 cernere
1898 1928 2055 1969 vana
2094 1918 2283 1986 poteS.

1111 2005 1368 2067 Presulis
1410 2005 1538 2084 ipse
1577 2008 1827 2084 gradum
1870 2005 1920 2067 si
1960 2024 2087 2067 non
2127 2006 2275 2066 dum
2316 2006 2603 2067 scandere
2644 2002 2851 2083 possit,

1030 2105 1192 2165 Ecce
1231 2100 1434 2165 tamen
1474 2115 1670 2165 vestes
1708 2114 2016 2183 comparat
2056 2102 2185 2181 ipse
2226 2122 2412 2181 pares·
2946 2122 3079 2175 1390

1029 2196 1218 2259 Cuius
1259 2208 1383 2257 erat
1423 2200 1588 2258 solus
1627 2218 1819 2276 nuper
1858 2200 2090 2259 catulus
2130 2196 2504 2270 domicelhm,

1031 2293 1128 2350 En
1169 2290 1436 2368 sequitur
1475 2302 1635 2352 totus
1677 2310 1841 2351 nunc
1880 2290 2052 2369 quasi
2094 2292 2357 2351 mundus
2398 2311 2581 2363 eum3

1031 2382 1220 2445 Cuius
1260 2396 1386 2445 erat
1425 2385 1676 2445 baculus
1715 2404 1908 2463 nuper
1948 2384 2247 2463 palfriduS,
2292 2386 2373 2467 ud
2414 2384 2541 2446 eius

1027 2484 1246 2542 Sellam
1288 2502 1428 2542 cum
1469 2481 1608 2543 loris
1649 2481 1925 2543 subditur
1964 2483 2119 2543 altus
2161 2502 2325 2559 equs.

1027 2578 1126 2640 Sic
1167 2579 1324 2658 viget
1363 2579 1426 2639 in
1468 2578 1623 2640 curis
1665 2579 1854 2653 diues,
1898 2590 1989 2641 set
2030 2578 2297 2640 moribus
2337 2599 2545 2658 expers

1031 2677 1286 2756 Indiget,
1331 2688 1393 2738 et
1433 2697 1588 2737 vano
1631 2697 1799 2738 more
1838 2677 2127 2755 gubernat
2170 2697 2332 2756 opes,

1027 2775 1363 2853 Compotus
1403 2774 1466 2837 in
1509 2774 1721 2836 mundi
1762 2776 1940 2837 rebus
1984 2778 2147 2853 quod
2190 2778 2293 2835 fiat
2334 2775 2621 2836 habunde

1028 2874 1359 2947 Perstudet,
1403 2884 1466 2933 vt
1507 2872 1758 2933 domino
1798 2875 1903 2934 det
1944 2892 2053 2933 sua
2093 2872 2220 2933 iura
2260 2892 2410 2934 suo:

1027 2969 1356 3048 Computet
1393 2982 1456 3031 vt
1498 2970 1695 3033 Cristo
1736 2982 1827 3033 set
1868 2973 1947 3034 de
1988 2970 2143 3032 curis
2184 2970 2534 3043 animarum,

1026 3067 1304 3147 Turpiter
1343 3069 1572 3148 absque
1612 3071 1779 3131 lucro
1820 3071 1980 3131 fossa
2020 3072 2246 3131 talenta
2283 3071 2487 3130 latent.
2944 3091 3076 3141 1400

1025 3165 1208 3228 Curia
1245 3165 1333 3228 sic
1373 3167 1554 3231 Cristi
1595 3168 1749 3229 tollit
1789 3169 2097 3229 mundana
2136 3167 2433 3240 clientem,

1029 3264 1152 3340 Qui
1192 3265 1357 3326 venit
1395 3267 1474 3327 ad
1515 3267 1815 3344 laqueum,
1858 3268 2005 3327 dum
2046 3264 2169 3327 sitit
2210 3265 2339 3343 ipse
2378 3267 2627 3326 lucrum.

930 3506 1050 3561 Hic
1083 3506 1358 3575 loquitur
1387 3507 1465 3561 de
1492 3508 1842 3563 rectoribus
1874 3507 2022 3571 mis,
2054 3506 2161 3575 qui
2197 3508 2280 3561 ab
2318 3509 2610 3577 episcopo
2644 3508 2966 3563 licenciati
3000 3524 3073 3564 se

859 3592 1105 3661 fingunt
1133 3594 1230 3650 ire
1262 3596 1493 3660 scolas,
1517 3598 1594 3650 vt
1626 3594 1742 3649 sub
1774 3595 2030 3650 nomine
2066 3594 2328 3650 virtutis
2362 3596 2535 3650 vicia
2566 3596 2925 3665 corporalia
2956 3596 3075 3651 fre·

863 3683 1188 3748 quentent.

617 3799 810 3878 Capm.
842 3798 975 3859 xvii.
1101 3801 1269 3862 Alter
1308 3802 1479 3862 adest
1520 3813 1727 3875 rector,
1772 3820 2015 3861 causam
2058 3801 2329 3880 designat
2370 3812 2431 3862 et
2472 3801 2613 3881 ipse,

1027 3896 1191 3957 Dicit
1230 3897 1392 3958 enim
1435 3918 1630 3960 sacras
1671 3900 1839 3977 quod
1879 3898 2044 3977 cupit
2086 3898 2171 3959 ire
2212 3902 2441 3960 scolas:

1022 3997 1106 4055 Vt
1145 4014 1328 4073 vagus
1367 4007 1521 4057 astet
1561 3996 1644 4056 ibi
1687 4016 1865 4075 prece
1904 3998 2035 4057 ruffi
2078 3999 2276 4075 presul
2316 4010 2377 4059 et
2417 3997 2537 4061 albi

1019 4092 1267 4166 Annuit,
1309 4104 1373 4152 vt
1413 4092 1689 4154 dominis
1733 4113 1885 4172 quos
1926 4105 2111 4154 amat
2151 4093 2306 4173 ipse
2346 4094 2574 4155 nimis,

1025 4188 1124 4250 Sic
1165 4200 1359 4250 rector
1398 4188 1512 4251 sibi
1553 4191 1666 4252 sub
1708 4190 1909 4271 specie
1949 4191 2179 4252 virtutis
2221 4186 2484 4271 adoptat,

1075 4384 1200 4433 1374
1237 4368 1470 4420 timuisse
1495 4370 1642 4420 EHL
1840 4375 1969 4436 1376
1988 4381 2147 4437 vngat
2170 4380 2225 4423 vt
2252 4374 2299 4423 D
2364 4378 2522 4435 vagat
2546 4378 2600 4422 et
2622 4370 2909 4423 scr-:HGL
