3434 5142
1123 454 1404 519 LIBER
1466 456 1977 523 SECUNDUS
2572 481 2657 541 93

609 617 730 676 Tot
771 632 1018 693 quoque
1057 614 1279 676 diuicie
1319 617 1566 693 quando
1607 618 1771 678 suere
1812 635 1937 691 sue,

609 714 892 790 Cumque
933 712 1287 772 Philisteum
1329 724 1564 773 constat
1605 713 1818 774 vicisse
1856 715 2159 791 gigantem

611 812 660 870 F
664 810 827 871 unda
867 827 1052 869 manu
1095 810 1314 883 Dauid,
1359 830 1506 869 num
1548 811 1698 871 deus
1741 812 1852 871 ista
1893 812 2073 872 tulit?

612 906 894 984 Cumque
933 906 1064 967 dies
1107 906 1337 966 fuerant
1379 907 1637 967 Ezechie
1677 908 1987 968 morientis

616 1004 713 1065 Sic
756 1004 1037 1081 elongati,
1083 1021 1246 1063 mors
1288 1022 1534 1082 quoque
1574 1006 1756 1065 cessit
1797 1005 1870 1077 ei,

615 1101 719 1161 Set
760 1118 902 1159 cum
942 1100 1021 1161 de
1059 1100 1238 1176 culpa
1277 1099 1388 1159 fuit
1429 1110 1708 1160 excusata
1750 1101 2043 1175 Susanna,

619 1199 842 1258 Hester
881 1207 942 1257 et
983 1198 1044 1257 in
1087 1197 1314 1274 populo
1353 1197 1680 1274 glorificata
1722 1216 1857 1272 suo,
2564 1220 2665 1275 3¹0

621 1296 736 1355 Dic
777 1313 899 1371 que
935 1294 1174 1355 fortuna
1213 1304 1359 1355 tunc
1399 1313 1679 1372 prospera
1720 1295 1974 1356 contulit
2013 1296 2156 1373 ipsis
2172 1300 2201 1357 ?

619 1392 815 1466 Nulla,
862 1401 1026 1468 put0,
1071 1409 1269 1468 neque
1309 1392 1429 1451 iam
1470 1392 1604 1470 quis
1644 1410 1791 1469 rogo
1830 1403 2035 1453 causet
2075 1412 2225 1453 eam.

622 1489 696 1548 In
739 1490 1037 1549 recolente
1078 1488 1261 1549 deum
1305 1508 1430 1548 non
1471 1498 1563 1549 est
1603 1490 1841 1549 fortuna
1881 1490 2158 1565 colenda,

623 1588 755 1648 Nec
793 1587 1049 1647 faciente
1091 1588 1315 1647 malum
1357 1606 1486 1647 sors
1525 1588 1683 1648 valet
1724 1605 1857 1647 esse
1894 1586 2074 1649 bona.

704 1735 872 1811 Quid
914 1736 1146 1796 Pharao
1187 1744 1420 1812 poterat
1459 1736 1763 1796 fortunam
1802 1736 2174 1812 corripuisse,

624 1834 906 1911 Cumque
944 1834 1142 1894 furore
1184 1834 1275 1893 sui
1316 1843 1406 1897 tot
1447 1834 1675 1911 periere
1716 1834 1823 1893 viri
1840 1835 1869 1892 Ρ

624 1934 749 1993 Aut
791 1930 1317 2009 Nabugodonosor
1357 1950 1464 1993 sua
1505 1932 1673 2009 quod
1715 1940 1945 1991 mutata
1986 1931 2171 2009 figura

630 2031 704 2089 In
745 2048 930 2108 pecus
971 2030 1258 2103 extiterat,
1303 2029 1452 2108 quid
1493 2030 1608 2090 nisi
1650 2030 1828 2106 culpa
1869 2027 2095 2089 dabat?

626 2129 751 2186 Aut
791 2126 939 2203 quid
981 2136 1042 2187 et
1082 2127 1182 2187 ille
1223 2128 1378 2201 Saul,
1410 2126 1513 2203 qui
1555 2144 1805 2203 regnum
1848 2125 2107 2202 perdidit
2148 2136 2209 2189 et
2250 2144 2332 2199 se,

629 2226 796 2287 Num
838 2224 979 2303 quia
1019 2226 1281 2302 precepti
1325 2225 1391 2284 fit
1431 2243 1566 2285 reus
1607 2225 1738 2301 ipse
1779 2224 1925 2284 dei?
2574 2246 2677 2297 320

631 2322 772 2382 Non
813 2322 1088 2381 Azariam
1128 2323 1291 2399 lepra
1331 2312 1591 2383 can'dida
1631 2331 1791 2383 sorte
1831 2319 2085 2399 subegit,

630 2420 942 2495 Vsurpans
981 2419 1190 2496 templi
1232 2420 1482 2496 presulis
1523 2430 1656 2479 acta
1697 2417 1814 2479 sibi
1832 2420 1860 2478 Ρ

631 2518 734 2579 Set
774 2517 922 2595 quid
963 2515 1179 2576 Achab
1219 2517 1378 2577 dicet
1395 2519 1424 2577 Ρ
1505 2518 1566 2577 N
1567 2516 1756 2577 aboth
1796 2517 1943 2577 dum
1982 2516 2217 2579 tolleret
2256 2534 2481 2597 agrum,

632 2616 781 2676 Eius
821 2615 1078 2675 auaricia
1119 2615 1186 2674 fit
1225 2613 1339 2675 sibi
1381 2632 1561 2675 causa
1603 2615 1785 2675 necis,

634 2715 758 2773 Aut
799 2710 1049 2773 Roboas
1063 2714 1092 2773 Ρ
1159 2712 1450 2791 quoniam
1490 2713 1727 2773 senium
1766 2710 1930 2773 bona
1970 2710 2253 2791 dogmata
2292 2713 2536 2789 spreuit,

638 2812 920 2870 Diuisum
960 2828 1210 2887 regnum
1251 2810 1478 2889 plangit
1517 2810 1742 2871 habere
1782 2828 1978 2870 suum.
2516 2794 2525 2803 ’

633 2910 760 2970 Aut
802 2908 1060 2968 Phinees
1101 2917 1161 2969 et
1203 2907 1426 2985 Ophni,
1471 2926 1625 2986 quos
1669 2907 1809 2969 belli
1850 2918 2136 2969 strauerat
2178 2909 2354 2981 ensis,

636 3007 960 3083 Archaque
998 3016 1173 3083 capta
1213 3005 1367 3066 fuit?
1433 3008 1639 3084 preuia
1678 3005 1857 3085 culpa
1898 3006 2049 3067 tulit.

637 3107 761 3164 Aut
803 3103 950 3182 quid
993 3104 1173 3181 Hely‚
1218 3104 1322 3181 qui
1363 3104 1745 3165 retrocadens
1786 3102 1901 3164 sibi
1943 3103 2165 3167 vertice
2204 3104 2391 3165 fracto

641 3202 880 3265 Corruit
919 3220 956 3261 a
992 3201 1164 3277 Sella,
1208 3202 1356 3261 dum
1397 3212 1597 3281 stupet
1638 3202 1783 3263 inde
1825 3203 2028 3262 noua?
2584 3220 2689 3275 330

643 3302 786 3361 Non
827 3318 954 3359 sors
995 3301 1232 3360 fortune
1269 3310 1505 3381 poterat
1546 3298 1660 3361 sibi
1702 3300 1843 3361 talia
1883 3300 2049 3373 ferre,

640 3398 745 3459 Set
785 3416 894 3475 pro
933 3397 1194 3474 peccatis
1234 3398 1484 3475 contigit
1523 3398 1673 3458 illud
1715 3398 1825 3457 eis,

643 3495 768 3573 Qui
809 3495 966 3556 male
1007 3496 1275 3556 fecerunt
1313 3496 1472 3555 mala
1513 3495 1740 3571 premia
1782 3495 1905 3555 fine
1944 3494 2225 3567 tulerunt,

643 3585 926 3672 Namque
966 3593 1158 3653 malos
1199 3594 1352 3653 iuste
1392 3593 1652 3671 perdidit
1691 3593 1823 3669 ipse
1864 3592 2035 3651 male.

726 3693 884 3754 Cum
927 3688 1242 3751 simulacra
1284 3691 1491 3751 colens
1531 3690 1792 3767 populus
1831 3698 2138 3767 peccasset
2182 3685 2485 3761 HebreuS,

649 3790 828 3851 Illum
870 3786 1144 3863 tradebat
1183 3786 1458 3851 hostibus
1501 3789 1584 3847 ira
1626 3788 1762 3848 dei:

649 3887 807 3949 Cum
850 3904 1027 3964 prece
1067 3886 1327 3964 pulsaret
1367 3886 1564 3946 celum
1607 3885 1921 3947 simulacra
1962 3883 2322 3963 relinquenS,

649 3986 882 4045 Hostes
922 3993 1088 4061 terga
1127 3982 1370 4057 dabant,
1416 3982 1566 4043 illud
1606 3991 1822 4059 agente
1863 3982 1999 4041 deo,

649 4081 826 4143 Iudei
868 4100 1034 4159 reges
1073 4070 1385 4141 valuerunt
1425 4090 1570 4140 tunc
1611 4098 1789 4156 super
1830 4096 2060 4155 omneS,

652 4182 816 4240 Dum
861 4197 984 4238 non
1026 4179 1156 4240 iura
1197 4178 1290 4239 sui
1332 4179 1650 4255 preter-iere
1690 4178 1831 4252 dei;
2596 4196 2699 4249 340

654 4276 926 4337 Hostiles
966 4277 1127 4337 acies
1168 4276 1428 4353 populus
1471 4275 1698 4336 Iudeus
1743 4276 1805 4335 in
1848 4275 2027 4337 armis

649 4374 901 4453 Semper
940 4374 1180 4455 deuicit‚
1225 4373 1372 4434 dum
1415 4371 1612 4434 bonus
1654 4373 1784 4450 ipse
1824 4373 1969 4435 fuit:

1410 4490 1507 4541 311
1544 4476 1649 4527 illis
1669 4476 1760 4527 CE
