3434 5142
1112 487 1397 552 LIBER
1456 489 1886 566 QUINTUS

562 647 665 708 Set
705 647 894 724 magis
934 647 997 707 in
1037 648 1203 708 viciis
1245 657 1440 725 torpet
1480 647 1701 726 vbique
1743 649 1883 709 suis.

644 745 812 805 Inter
850 763 1005 823 quos
1043 744 1235 822 plebis
1275 746 1463 824 magis
1503 757 1655 807 errat
1695 747 1902 824 iniqua
1941 746 2232 822 voluntaS,

565 843 879 902 Sulcorum
924 843 1177 904 famulos
1219 845 1435 904 estimo
1476 861 1619 921 sepe
1658 861 1812 904 reos,

562 939 715 998 Sunt
755 939 979 999 etenim
1021 940 1190 1015 tardi,
1234 949 1374 1001 sunt
1414 941 1543 1014 rari,
1588 952 1729 1001 sunt
1761 951 1831 1029 ‚et
1871 941 2050 1016 anari,

562 1036 657 1096 Ex
696 1038 948 1097 minimo
989 1039 1156 1115 quod
1194 1048 1378 1116 agunt
1417 1039 1642 1117 premia
1684 1038 1851 1115 plura
1891 1049 2138 1116 petunt:

564 1135 747 1195 Nunc
786 1136 950 1196 venit
990 1136 1090 1196 hic
1132 1155 1291 1210 usuS,
1334 1137 1484 1214 petit
1524 1155 1602 1196 en
1643 1137 1779 1215 plus
1821 1139 2088 1203 rusticus
2115 1157 2286 1212 vnus,

562 1234 865 1312 Tempore
905 1234 1187 1311 preterito
1226 1253 1409 1312 quam
1452 1236 1684 1312 peciere
1725 1236 1851 1296 duo
1873 1256 1892 1312 3

560 1329 644 1391 Et
684 1333 917 1392 dudum
960 1333 1122 1393 solus
1163 1334 1298 1409 plus
1339 1333 1592 1393 contulit
1632 1333 1897 1394 Vtilitatis

562 1431 745 1489 Nune
787 1429 991 1504 tribus,
1036 1439 1099 1490 vt
1140 1430 1350 1491 dicunt
1392 1430 1493 1508 qui
1538 1430 1695 1491 bene
1736 1431 1892 1490 facta
1933 1431 2146 1491 sciunt.

562 1526 727 1588 Sicut
769 1529 931 1588 enirn
972 1529 1165 1606 vulpis
1206 1527 1626 1589 resonantibus
1666 1528 1933 1607 vndique
1973 1529 2139 1589 siluis

566 1626 663 1684 De
702 1625 881 1685 fouea
920 1625 1159 1686 foueam
1202 1627 1395 1704 querit
1436 1635 1497 1686 et
1538 1626 1716 1686 intrat
1757 1644 1908 1700 eam,

564 1723 663 1782 Sic
704 1723 961 1783 famulus
1000 1723 1152 1784 sulci
1191 1725 1521 1784 contrarius
1561 1724 1850 1786 ammodo
1889 1724 2006 1802 legi

564 1820 661 1880 De
702 1822 892 1897 patria
931 1821 1180 1898 patriam
1207 1823 1401 1899 querit
1441 1821 1663 1883 habere
1702 1840 1952 1882 moram.

567 1917 721 1981 Ocia
762 1930 1109 1996 magnatum
1149 1921 1400 1998 cupiunt
1439 1920 1541 1992 hii,
1586 1920 1672 1978 nil
1710 1929 1915 1980 tamen
1955 1919 2120 1980 vnde

564 2015 642 2075 Se
682 2016 905 2076 nutrire
946 2025 1192 2094 queunt,
1238 2017 1300 2076 ni
1342 2015 1717 2090 famulentur,
1761 2014 2022 2078 habent:

566 2113 705 2173 Hos
748 2114 967 2174 seruire
1008 2115 1157 2174 deus
1200 2125 1528 2191 naturaque
1568 2114 2008 2191 disposuerunt,

568 2210 683 2270 Ille
722 2212 819 2271 vel
859 2211 957 2271 illa
998 2222 1201 2272 tamen
1242 2212 1355 2272 hos
1395 2212 1707 2272 moderare
1747 2211 1996 2287 nequit:

564 2308 841 2385 Quisque
879 2318 1095 2368 tenens
1136 2318 1317 2370 terras
1358 2310 1467 2369 has
1506 2307 1734 2386 plangit
1775 2309 1837 2366 in
1879 2309 2091 2369 ordine
2129 2317 2356 2386 gentes,

564 2405 806 2483 Indiget
847 2407 1043 2467 omnis
1086 2408 1189 2482 εἰς,
1235 2426 1349 2468 nec
1388 2415 1552 2484 reget
1591 2405 1744 2466 vllus
1787 2423 1908 2466 eas,

562 2503 708 2563 Non
752 2503 999 2581 impune
1039 2505 1222 2565 deum
1265 2515 1493 2566 veteres
1534 2521 1813 2581 spreuere
1854 2504 2076 2579 coloni,

563 2598 625 2660 N
628 2619 699 2660 ec
739 2600 953 2661 mundi
994 2620 1308 2679 procerum
1350 2601 1682 2679 surripuere
1723 2609 1982 2676 statum3

564 2697 670 2758 Set
710 2698 923 2758 seruile
962 2699 1113 2760 deus
1154 2717 1307 2777 opus
1350 2697 1699 2776 imponebat
1739 2698 1986 2771 eisdem,

570 2795 714 2870 Quo
754 2794 871 2856 sibi
911 2797 1203 2858 rusticitas
1243 2797 1427 2858 corda
1466 2795 1726 2874 superba
1763 2797 2009 2857 domet:

568 2893 803 2954 Mansit
844 2905 904 2955 et
946 2896 1220 2973 ingenuis
1262 2894 1502 2956 libertas
1544 2895 1728 2968 salua,
1773 2913 1892 2972 que
1933 2895 2121 2956 seruis

564 2991 789 3052 Prefuit
827 3002 1009 3069 atque
1050 3011 1158 3053 sua
1196 2992 1329 3070 lege
1368 2991 1603 3069 subegit
1642 3009 1766 3052 eos,

647 3090 781 3149 Nos
825 3090 1015 3168 magis
1056 3091 1334 3150 hesterna
1373 3089 1514 3149 facit
1554 3089 1928 3166 experiencia
1967 3088 2200 3162 doct08‚

568 3187 735 3262 Quid
780 3187 895 3248 sibi
938 3188 1185 3265 perfidie
1227 3205 1433 3247 seruus
1473 3187 1675 3263 iniqus
1716 3184 1938 3262 habet3

567 3287 652 3345 Vt
692 3285 874 3346 blada
914 3286 1097 3346 cardo
1138 3302 1364 3345 nocens
1404 3284 1637 3357 minuit,
1682 3285 1732 3344 si
1774 3302 1899 3344 non
1941 3283 2260 3358 minuatur,

568 3383 667 3444 Sic
705 3394 916 3462 grauat
956 3383 1286 3443 indomitus
1326 3382 1577 3443 rusticus
1619 3383 1749 3459 ipse
1790 3381 2028 3458 probos.

566 3482 907 3559 Vngentem
951 3481 1161 3559 pungit
1202 3488 1569 3558 pungentem
1612 3480 1866 3539 rusticus
1906 3479 2090 3558 vngit,

567 3579 802 3657 Regula
842 3597 957 3639 nec
997 3578 1142 3639 fallit
1184 3597 1367 3656 quam
1407 3587 1577 3638 vetus
1618 3577 1768 3638 ordo
1811 3577 2024 3637 docet:

566 3677 748 3754 Vulgi
787 3677 1080 3738 cardones
1120 3678 1215 3737 lex
1254 3684 1524 3753 amputet
1565 3694 1705 3753 ergo
1749 3676 2022 3748 nociuoS,

567 3770 666 3834 Ne
707 3774 889 3834 blada
928 3783 1261 3852 pungentes
1304 3773 1597 3834 nobiliora
1638 3782 1848 3834 terant.

569 3870 794 3931 Nobile
835 3872 1123 3948 quicquid
1164 3870 1389 3932 habent
1430 3890 1538 3932 seu
1577 3871 1847 3948 dignum,
1891 3869 2110 3930 rustica
2148 3869 2344 3947 proles

570 3969 747 4030 Ledit
788 3970 851 4027 in
893 3969 1182 4046 ingenuiS,
1227 3971 1304 4030 sit
1344 3969 1459 4030 nisi
1500 3969 1624 4028 lesa
1664 3967 1863 4045 prius:

569 4067 758 4143 Quod
800 4066 875 4126 sit
906 4067 1207 4126 rusticitas
1248 4067 1397 4140 vilis,
1440 4066 1619 4129 docet
1659 4072 1830 4124 actus
1869 4063 1950 4124 ad
1989 4073 2166 4138 extra,

569 4165 709 4240 Que
752 4163 951 4222 minus
991 4164 1283 4239 ingenuos
1323 4173 1563 4240 propter
1601 4163 1856 4222 honesta
1895 4161 2076 4235 colit3

567 4264 772 4339 thue
813 4259 1018 4321 labant
1057 4278 1241 4321 curue
1279 4260 1437 4319 iusto
1478 4261 1607 4319 sine
1647 4259 1916 4336 pondere
1957 4275 2160 4331 naues,

568 4361 687 4434 Sic,
734 4360 850 4419 nisi
894 4360 969 4420 sit
1009 4376 1267 4437 pressus,
1309 4357 1562 4417 rusticus
1602 4357 1732 4434 ipse
1773 4355 1946 4418 serus.

653 4458 924 4520 Contulit
964 4467 1025 4518 et
1065 4454 1269 4518 tribuit
1309 4455 1459 4516 deus
1500 4464 1561 4516 et
1600 4453 1771 4515 labor
1811 4455 2016 4516 omnia
2056 4451 2253 4527 nobis,

2478 507 2602 569 217

2501 2232 2604 2286 590

2505 3195 2609 3246 600

2509 4170 2614 4222 610
