3434 5142
749 467 868 529 134
1447 445 1642 513 VOX
1702 436 2242 515 CLAMANTIS

908 610 1185 669 Summas
1225 628 1362 683 non.
1391 626 1627 669 summa
1666 619 2045 683 memoratur,
2088 619 2150 670 et
2190 607 2418 688 optima
2456 608 2596 671 vina

910 707 1238 783 Plusquam
1279 704 1486 767 diuina
1525 715 1837 784 computat
1876 700 2009 767 esse
2048 725 2247 767 sacra:
2796 708 2949 767 '1000

911 800 1161 863 Virtutis
1203 822 1431 863 morem
1472 822 1615 876 non,
1662 814 1753 863 set
1794 802 2056 865 mulieris
2096 822 2365 865 amorem

913 898 1141 975 Querit,
1185 909 1247 961 et
1287 901 1406 961 hoc
1445 902 1575 961 solo
1615 910 1869 979 temptat
1904 920 2071 962 arare
2110 902 2257 963 solo.

913 995 1012 1057 Sic
1052 998 1248 1058 honor
1286 1018 1360 1058 ex
1399 1016 1582 1059 onere
1623 1017 1749 1058 non
1790 1007 1896 1071 est,
1940 1018 2082 1058 nam
2123 1000 2309 1077 fulget
2349 1000 2579 1061 honore

915 1094 1198 1173 Corpore,
1241 1106 1332 1156 set
1371 1096 1588 1174 corpus
1629 1114 1754 1157 non
1795 1093 2069 1174 digitabit
2108 1114 2279 1157 onuS.

819 1292 938 1349 Hic
972 1292 1247 1362 loquitur
1281 1292 1360 1349 do
1395 1292 1682 1348 Sinonia
1716 1294 2121 1363 prelatorum,
2144 1296 2213 1351 ot
2246 1293 2519 1364 quanter
2550 1292 2642 1349 hii
2678 1293 2953 1357 delicati,

750 1380 1035 1437 dicentes
1062 1396 1132 1436 ce
1165 1395 1309 1437 enoc
1339 1381 1694 1447 ecclesiam,
1720 1382 1867 1437 aliia
1886 1384 2191 1450 grauiora
2217 1382 2569 1453 imponunt,
2595 1386 2661 1439 et
2684 1381 2956 1438 vlterins

749 1469 828 1523 de
852 1482 1124 1524 cen-nra
1143 1468 1428 1525 horribili
1449 1468 1653 1525 laicos
1675 1484 1795 1539 pro
1818 1469 2065 1525 modico
2088 1470 2441 1539 impetuose
2463 1470 2787 1527 infestant.

550 1592 745 1667 Capm.
777 1588 872 1649 xii.
1005 1590 1185 1663 Ecce,
1227 1590 1348 1650 deo
1387 1600 1555 1664 teste,
1597 1588 1686 1651 vir
1725 1589 1830 1669 qui
1870 1610 1997 1651 non
2034 1590 2215 1652 intrat
2254 1590 2415 1652 ouile

923 1688 1038 1749 Per
1075 1698 1326 1766 portam,
1370 1688 1521 1747 latro
1561 1689 1775 1766 furque
1813 1698 2055 1749 notatur
2094 1708 2185 1749 ec.

920 1783 1020 1845 Sic
1059 1794 1122 1845 et
1161 1784 1224 1844 in
1265 1783 1578 1847 ecclesiam
1619 1796 1931 1863 promotus
1972 1806 2079 1865 per
2118 1784 2449 1848 Simoniam

921 1882 1149 1956 CleruS,
1191 1882 1411 1943 furtiuo
1452 1901 1516 1943 se
1555 1881 1706 1961 gerit
1744 1882 1888 1945 inde
1928 1884 2157 1959 mod0;

922 1980 1055 2040 Nec
1098 1979 1261 2040 bona
1299 1981 1379 2042 de
1419 1981 1576 2041 furto
1617 1982 1887 2042 conferre
1926 1981 2235 2059 placencia
2276 1981 2475 2045 Cristo

922 2076 1076 2152 Quis
1116 2079 1290 2150 valet,
1333 2076 1520 2138 immo
1560 2080 1711 2139 deus
1752 2078 1920 2157 pellit
1958 2077 2038 2139 ab
2076 2078 2222 2140 inde
2261 2098 2491 2140 manus.
2839 2099 2967 2137 1010

926 2176 1086 2253 Ergo
1125 2176 1283 2235 valet
1323 2176 1501 2236 fiscus
1541 2194 1663 2254 que
1701 2194 1827 2235 non
1868 2178 1995 2237 vult
2036 2194 2276 2253 carpere
2318 2175 2545 2239 Cristus
2567 2197 2587 2250 ς

926 2272 1079 2331 Sunt
1118 2270 1262 2349 quia
1302 2274 1622 2347 mundana,
1667 2273 1931 2334 mundus
1972 2272 2221 2334 habebit
2260 2292 2368 2334 ea:

928 2370 1214 2447 Namque
1252 2388 1364 2431 suo
1402 2369 1530 2432 iure
1570 2373 1717 2432 dum
1761 2372 1953 2433 clerus
1992 2370 2271 2447 abutitur,
2316 2370 2461 2434 inde

929 2466 1154 2527 Priuari
1195 2466 1445 2547 dignum
1487 2467 1614 2529 iura
1655 2470 1915 2530 fatentur
1954 2489 2111 2531 eum.

929 2565 1009 2626 Se
1048 2576 1225 2625 vocat
1263 2564 1577 2626 ecclesiam
1617 2567 1827 2640 cleruS,
1872 2566 2044 2645 quasi
2084 2564 2326 2640 diceret,
2370 2564 2535 2627 illam

929 2663 1074 2723 Non
1115 2671 1317 2740 tanget
1357 2662 1558 2737 laicuS,
1603 2673 1694 2724 est
1735 2664 1931 2724 honor
1968 2662 2158 2724 immo
2198 2683 2380 2725 suus:

931 2758 1032 2821 Sic
1070 2760 1257 2821 fastus
1297 2760 1440 2821 cleri
1463 2760 1789 2821 ‘communi
1830 2760 2134 2823 iustificari

934 2858 1080 2918 Non
1120 2859 1246 2917 vult
1285 2856 1534 2933 iusticia,
1579 2868 1670 2919 set
1709 2858 1979 2920 latitante
2020 2858 2131 2919 via.

933 2956 1012 3015 Se
1051 2956 1213 3017 leuat
1253 2966 1315 3017 et
1353 2955 1613 3034 reliquos
1653 2955 1860 3017 subdit
1898 2958 2229 3035 predatque
2268 2954 2548 3017 subactos

935 3052 1112 3131 Legis
1153 3052 1486 3132 composite
1524 3055 1605 3115 de
1645 3053 1915 3115 nouitate
1954 3074 2097 3115 sue:
2846 3072 2976 3110 1020

936 3150 1036 3212 Sic
1076 3152 1262 3213 modo
1305 3151 1418 3212 sub
1459 3150 1659 3229 specie
1699 3151 1907 3214 diuina
1946 3170 2128 3213 cerno
2167 3153 2351 3213 latere

941 3250 1074 3309 Has
1115 3268 1368 3328 pompas
1411 3249 1637 3323 mundi,
1683 3260 1844 3311 stant
1882 3268 2083 3327 neque
2122 3247 2251 3309 iura
2289 3247 2407 3310 dei.

1020 3347 1240 3408 Sancta
1278 3345 1427 3425 quid
1467 3347 1721 3409 ecclesia
1759 3358 1851 3409 est
1892 3347 2208 3408 hominum
2250 3346 2366 3407 nisi
2406 3357 2603 3406 turma
2643 3342 2833 3406 fidelis
2849 3344 2877 3401 ?

938 3444 1036 3506 Sic
1075 3455 1241 3524 patet
1278 3455 1341 3505 vt
1380 3444 1584 3520 laicus,
1628 3465 1811 3524 quem
1830 3468 1833 3472 ·
1852 3444 1996 3505 colit
2033 3444 2165 3524 ipsa
2203 3445 2371 3516 fides,

941 3544 1051 3602 Est
1090 3562 1224 3621 pars
1265 3542 1532 3618 ecclesie,
1577 3542 1789 3604 melior
1828 3562 1942 3603 nec
1982 3540 2232 3602 clericus
2272 3540 2418 3619 ipse,

941 3639 1025 3701 Ni
1067 3640 1277 3701 melius
1317 3640 1496 3701 viuat.
1581 3639 1737 3717 Quis
1777 3638 1963 3701 michi
2000 3642 2121 3701 tale
2159 3650 2337 3717 negat
2352 3640 2382 3698 ?

939 3739 1078 3797 Vna
1118 3738 1286 3813 fides,
1329 3758 1514 3798 vnum
1556 3736 1869 3816 baptisma,
1916 3739 2065 3799 deus
2106 3747 2311 3797 manet
2350 3755 2519 3809 vnuS,

943 3834 1043 3895 Sic
1083 3854 1196 3896 nos
1237 3834 1489 3897 ecclesia
1527 3834 1718 3913 iungit
1759 3845 1821 3895 et
1859 3854 1979 3895 vna
2018 3844 2221 3909 tenet;

947 3934 1026 3993 Et
1066 3932 1248 3994 veluti
1289 3935 1478 3993 multa
1517 3933 1662 4012 tegit
1699 3952 1820 3992 vna
1844 3931 2080 3993 'cortice
2118 3950 2316 4010 grana,

947 4029 1046 4091 Sic
1086 4033 1342 4109 populos
1383 4034 1580 4109 plures
1623 4029 1848 4109 colligit
1886 4049 2003 4091 vna
2043 4030 2211 4090 fideS.
2858 4046 2990 4098 1030

952 4126 1220 4189 Ecclesie
1261 4140 1467 4189 sancte
1505 4148 1612 4189 cur
1651 4138 1797 4189 tunc
1837 4126 1952 4188 sibi
1992 4145 2218 4187 nomen
2256 4125 2481 4187 babere

950 4226 1098 4285 Vult
1138 4236 1371 4286 tantum
1411 4228 1620 4299 cleruS,
1663 4228 1811 4287 alter
1848 4236 1913 4285 vt
1952 4224 2082 4303 ipse
2121 4226 2271 4285 deus
2288 4226 2317 4284 Ρ

951 4322 1261 4401 Appendit
1301 4322 1445 4401 legis
1486 4324 1727 4401 pondus
1768 4322 1937 4383 collis
1976 4321 2204 4396 alieniS,

952 4422 1056 4482 Set
1095 4440 1221 4483 non
1261 4422 1388 4482 vult
1428 4419 1690 4481 humeris
1732 4419 1885 4500 quid>
1919 4440 2099 4501 graue
2140 4421 2290 4482 ferre
2330 4417 2454 4481 suis
