3434 5142
1106 516 1389 580 LIBER
1444 516 1921 584 SEPTIMUS
2485 524 2609 603 283

573 676 697 739 Cor
737 685 975 750 marcet,
1021 694 1192 736 renes
1235 676 1564 752 paciuntur,
1609 678 1859 738 soluitur
1898 680 2085 753 aluus,

573 775 827 836 Brachia
865 774 962 834 vix
1002 784 1269 851 possunt,
1312 773 1591 851 languida
1631 794 1801 835 crura
1840 776 2065 838 dolent.

575 873 839 951 Longius
879 872 942 931 in
983 871 1138 931 curis
1179 871 1460 932 viciatum
1501 890 1721 949 corpus
1761 874 1975 935 amaris

577 971 721 1031 Non
761 970 981 1047 patitur
1021 970 1172 1029 vires
1212 969 1420 1046 langor
1459 968 1681 1031 habere
1722 989 1893 1033 suas:

573 1067 818 1145 Singula
857 1086 982 1127 non
1024 1067 1228 1143 paucis
1269 1086 1404 1144 pars
1445 1079 1537 1128 est
1577 1066 1839 1128 obnoxia
1879 1070 2121 1143 morbis,

575 1167 656 1225 Et
695 1175 857 1242 patet
895 1164 1100 1224 infelix
1137 1164 1219 1224 ad
1258 1164 1418 1223 mala
1455 1174 1618 1225 totus
1657 1166 1880 1241 hom03

577 1264 972 1340 Ingratusque
1013 1262 1135 1323 suis
1176 1262 1401 1322 morbis
1439 1261 1751 1323 confectus
1792 1274 1853 1323 et
1892 1264 2081 1339 annis,

573 1361 973 1439 Conqueritur
1011 1361 1131 1421 vite
1171 1369 1442 1437 tempora
1479 1360 1660 1437 longa
1699 1379 1822 1421 sue.

656 1458 871 1519 Omnis
913 1457 1077 1517 enim
1117 1456 1318 1530 virtuS,
1359 1475 1480 1534 qua
1517 1457 1738 1535 gaudet
1778 1476 1996 1535 corpus
2035 1459 2233 1533 inane,

578 1556 813 1617 Desinit
855 1566 914 1616 et
952 1554 1116 1615 vario
1157 1572 1360 1631 pressa
1399 1556 1608 1616 dolore
1648 1557 1815 1633 perit.
2512 1582 2613 1631 400

577 1654 662 1713 Es
704 1654 940 1731 sapiens
957 1656 986 1715 ἲ
1053 1665 1279 1714 marcet
1320 1654 1620 1731 sapiencia
1661 1665 1869 1717 morte.
1956 1657 2291 1719 Redundas

577 1752 831 1811 Diuiciis
848 1754 876 1811 Ρ
942 1752 1111 1828 lapsu
1153 1750 1469 1813 mobiliore
1508 1752 1716 1813 fluunt.

576 1849 662 1909 Es
704 1850 926 1926 probus
943 1852 971 1909 Ρ
1038 1850 1262 1927 expirat
1301 1849 1584 1928 probitas.
1669 1850 1754 1909 Es
1796 1851 2127 1913 honestus?
2195 1852 2477 1917 honestas

575 1947 840 2008 Labitur.
924 1950 1008 2009 Es
1047 1947 1258 2008 fortis?
1325 1947 1510 2007 forcia
1551 1960 1743 2007 morte
1784 1948 1995 2009 iacent.

579 2047 684 2107 Set
724 2065 865 2106 cum
905 2056 966 2105 te
1005 2046 1172 2105 viciis
1211 2045 1436 2105 victum
1477 2044 1870 2107 succumbere
1910 2046 2119 2120 cerniS,

577 2144 769 2204 Miror
807 2154 868 2204 te
907 2144 1120 2203 fortem
1161 2142 1312 2205 dicis
1353 2153 1413 2202 et
1453 2160 1588 2202 esse
1627 2152 1823 2219 putas,

576 2242 746 2302 Bella
787 2240 976 2301 libido
1017 2250 1259 2314 mouet3
1310 2240 1534 2317 primos
1577 2249 1642 2299 tu
1685 2240 1851 2301 cedis
1891 2240 1971 2301 ad
2013 2241 2183 2315 ictus,

580 2339 662 2398 Et
701 2349 804 2398 tua
842 2339 953 2399 das
992 2338 1134 2398 fedo
1175 2338 1330 2398 colla
1368 2339 1696 2414 premenda
1738 2338 1915 2415 iugo:

579 2438 678 2497 Sic
720 2446 781 2497 et
821 2437 1078 2496 auaricie
1117 2434 1320 2509 seruis,
1363 2436 1450 2495 sic
1491 2434 1795 2496 motibus
1838 2439 1954 2510 ire,

574 2535 676 2595 Sic
715 2534 859 2596 facis
899 2534 1162 2594 ardentis
1201 2534 1361 2593 iussa
1399 2534 1686 2611 pudenda
1725 2535 1880 2611 gule.
2519 2558 2617 2608 410

576 2634 675 2693 Sic
715 2632 1078 2709 vbicumque
1117 2641 1282 2691 tuam
1323 2631 1538 2691 faciem
1577 2650 1718 2692 cum
1762 2642 1967 2693 mente
2007 2633 2293 2705 melnae,

575 2730 860 2807 Corporis
901 2740 962 2790 et
1001 2730 1214 2789 mundi
1253 2730 1485 2806 singula
1521 2748 1676 2789 vana
1715 2730 1885 2791 scieS.

577 2829 639 2888 Si
680 2848 898 2907 corpus
939 2846 1172 2906 penseS,
1215 2846 1290 2887 ex
1329 2828 1497 2888 omni
1537 2839 1706 2906 parte
1746 2828 1979 2890 videbis

577 2927 868 2987 Naturam
907 2927 1190 3004 fragilem,
1233 2944 1356 3003 que
1396 2944 1701 2987 remanere
1742 2928 1986 3003 nequit:

578 3025 641 3085 Si
682 3025 976 3086 mundum
1017 3042 1250 3101 pense5‚
1294 3042 1368 3084 ex
1407 3024 1574 3082 omni
1615 3032 1785 3100 parte
1824 3024 2094 3083 volutum

575 3123 788 3183 Rebus
827 3123 892 3181 in
931 3122 1170 3181 incertis
1210 3120 1418 3181 fraude
1457 3118 1690 3179 videbis
1732 3137 1889 3179 eum.

581 3221 877 3281 Excussas
918 3219 1132 3296 aliquis
1173 3218 1441 3294 deplorat
1480 3216 1771 3294 grandine
1812 3218 1977 3289 viteS,

582 3319 707 3379 Iste
747 3318 895 3378 mari
936 3335 1155 3393 magno
1195 3315 1522 3393 deperiisse
1562 3324 1752 3375 rates:

580 3418 772 3477 Istum
813 3416 1072 3475 luxuries
1111 3414 1401 3490 illumque
1440 3412 1723 3489 superbia
1760 3421 1968 3486 vastat,

581 3515 771 3574 Hunc
811 3524 872 3575 et
913 3512 1155 3573 tristicie
1198 3530 1342 3572 seua
1382 3511 1644 3589 procella
1683 3510 1892 3588 quatit.
2517 3532 2618 3582 420

579 3614 659 3673 Et
700 3613 786 3673 sic
825 3612 905 3673 de
944 3611 1118 3670 variis
1158 3610 1422 3670 mundus
1461 3607 1735 3682 variatur,
1779 3616 1840 3669 et
1880 3607 2079 3684 ipsum

578 3712 779 3787 Quem
821 3710 982 3787 prius
1025 3709 1240 3769 exaltat
1281 3707 1500 3768 forcius
1539 3707 1669 3784 ipse
1709 3708 1859 3768 ruit:

581 3808 806 3869 Labilis
847 3808 947 3867 ille
987 3808 1154 3867 locus
1197 3806 1338 3867 satis
1379 3814 1486 3880 est,
1531 3815 1591 3865 et
1629 3822 1801 3864 more
1841 3802 2079 3863 fluentis

580 3907 662 3966 Et
701 3906 1005 3965 refluentis
1043 3922 1200 3981 aque
1238 3904 1502 3965 fluminis
1541 3902 1730 3962 instar
1770 3900 1969 3961 habet.

577 4005 642 4064 Si
681 4004 780 4063 cui
819 4003 1136 4077 blanditur,
1181 4002 1344 4074 fallit,
1389 4018 1504 4062 nec
1543 3999 1805 4061 creditur
1843 4000 1964 4073 illi3

579 4102 728 4162 Eius
769 4119 892 4177 quo
933 4101 1138 4161 doleas
1178 4100 1396 4178 gaudia
1433 4116 1670 4175 semper
1709 4096 1954 4158 habent.

662 4198 872 4260 Rebus
914 4198 976 4259 in
1018 4198 1296 4259 humanis
1339 4214 1573 4273 semper
1612 4195 1762 4273 quid
1803 4195 2023 4269 deficit,
2066 4202 2127 4254 et
2168 4193 2255 4253 sic

581 4300 707 4359 Ista
749 4298 933 4358 nichil
971 4299 1218 4375 plenum
1258 4296 1450 4357 fertile
1489 4295 1612 4354 vita
1650 4303 1831 4354 tenet.

582 4398 783 4474 Quam
825 4398 987 4475 prius
1027 4397 1091 4457 in
1133 4396 1316 4457 finem
1357 4393 1572 4453 mundi
1611 4390 1922 4453 deuenerit
1962 4391 2157 4464 huius,

1300 4514 1400 4563 409
1421 4512 1609 4551 seruus
1631 4496 1723 4548 ΟΕ

2839 11 2899 23 w
2921 6 2965 23 0⁸¹
2986 0 3204 21 *ἒ-ῌὼ
3231 0 3374 21 &GU-*ss
