<?xml version="1.0" encoding="UTF-8"?>
<!DOCTYPE html PUBLIC "-//W3C//DTD XHTML 1.0 Transitional//EN"
    "http://www.w3.org/TR/xhtml1/DTD/xhtml1-transitional.dtd">
<html xmlns="http://www.w3.org/1999/xhtml" xml:lang="en" lang="en">
 <head>
  <title>
</title>
<meta http-equiv="Content-Type" content="text/html;charset=utf-8" />
  <meta name='ocr-system' content='tesseract 3.04.00' />
  <meta name='ocr-capabilities' content='ocr_page ocr_carea ocr_par ocr_line ocrx_word'/>
</head>
<body>
  <div class='ocr_page' id='page_1' title='image "./completeworksjo01macagoog_0304.png"; bbox 0 0 3434 5142; ppageno 0'>
   <div class='ocr_carea' id='block_1_1' title="bbox 804 471 2306 556">
    <p class='ocr_par' dir='ltr' id='par_1_1' title="bbox 804 471 2306 556">
     <span class='ocr_line' id='line_1_1' title="bbox 804 471 2306 556; baseline -0.003 -16"><span class='ocrx_word' id='word_1_1' title='bbox 804 497 927 556; x_wconf 86' lang='lat'>214</span> <span class='ocrx_word' id='word_1_2' title='bbox 1096 515 1107 528; x_wconf 86' lang='lat'><strong>·</strong></span> <span class='ocrx_word' id='word_1_3' title='bbox 1505 473 1703 540; x_wconf 89' lang='lat' dir='ltr'>VOX</span> <span class='ocrx_word' id='word_1_4' title='bbox 1763 471 2306 539; x_wconf 85' lang='lat' dir='ltr'>CLAMANTIS</span> 
     </span>
    </p>
   </div>
   <div class='ocr_carea' id='block_1_2' title="bbox 874 657 3008 730">
    <p class='ocr_par' dir='ltr' id='par_1_2' title="bbox 874 657 3008 730">
     <span class='ocr_line' id='line_1_2' title="bbox 874 657 3008 730; baseline 0 -16"><span class='ocrx_word' id='word_1_5' title='bbox 874 659 993 716; x_wconf 77' lang='lat' dir='ltr'>Hic</span> <span class='ocrx_word' id='word_1_6' title='bbox 1040 661 1318 730; x_wconf 76' lang='lat' dir='ltr'>loquitur</span> <span class='ocrx_word' id='word_1_7' title='bbox 1364 658 1637 729; x_wconf 77' lang='lat' dir='ltr'>qualiter</span> <span class='ocrx_word' id='word_1_8' title='bbox 1681 657 1920 714; x_wconf 83' lang='lat' dir='ltr'>milicia</span> <span class='ocrx_word' id='word_1_9' title='bbox 1965 657 2127 714; x_wconf 81' lang='lat' dir='ltr'>bene</span> <span class='ocrx_word' id='word_1_10' title='bbox 2171 657 2487 727; x_wconf 70' lang='lat' dir='ltr'>disposita</span> <span class='ocrx_word' id='word_1_11' title='bbox 2529 659 2822 715; x_wconf 69' lang='lat' dir='ltr'>omnibns</span> <span class='ocrx_word' id='word_1_12' title='bbox 2862 659 3008 714; x_wconf 67' lang='lat' dir='ltr'>aliia</span> 
     </span>
    </p>
   </div>
   <div class='ocr_carea' id='block_1_3' title="bbox 803 747 3014 892">
    <p class='ocr_par' dir='ltr' id='par_1_3' title="bbox 803 747 3014 892">
     <span class='ocr_line' id='line_1_3' title="bbox 808 747 3014 819; baseline 0 -18"><span class='ocrx_word' id='word_1_13' title='bbox 808 747 1109 816; x_wconf 69' lang='lat' dir='ltr'>gradibus</span> <span class='ocrx_word' id='word_1_14' title='bbox 1154 748 1639 819; x_wconf 70' lang='lat' dir='ltr'>quibuscumque</span> <span class='ocrx_word' id='word_1_15' title='bbox 1688 761 2018 803; x_wconf 79' lang='lat' dir='ltr'>commune</span> <span class='ocrx_word' id='word_1_16' title='bbox 2066 747 2436 805; x_wconf 66' lang='lat' dir='ltr'>securitatis</span> <span class='ocrx_word' id='word_1_17' title='bbox 2484 750 2736 818; x_wconf 70' lang='lat' dir='ltr'>prestat</span> <span class='ocrx_word' id='word_1_18' title='bbox 2788 749 3014 804; x_wconf 82' lang='lat' dir='ltr'>emolu·</span> 
     </span>
     <span class='ocr_line' id='line_1_4' title="bbox 803 839 1098 892; baseline 0.01 -2"><span class='ocrx_word' id='word_1_19' title='bbox 803 839 1098 892; x_wconf 80' lang='lat' dir='ltr'>mentum.</span> 
     </span>
    </p>
   </div>
   <div class='ocr_carea' id='block_1_4' title="bbox 601 956 3025 3684">
    <p class='ocr_par' dir='ltr' id='par_1_4' title="bbox 601 956 3025 3684">
     <span class='ocr_line' id='line_1_5' title="bbox 601 956 2362 1036; baseline -0.003 -14"><span class='ocrx_word' id='word_1_20' title='bbox 601 961 797 1036; x_wconf 70' lang='lat' dir='ltr'>Capu.</span> <span class='ocrx_word' id='word_1_21' title='bbox 830 958 926 1019; x_wconf 82' lang='lat' dir='ltr'>vii.</span> <span class='ocrx_word' id='word_1_22' title='bbox 1055 958 1113 1022; x_wconf 92' lang='grc' dir='ltr'><strong>Ο</strong></span> <span class='ocrx_word' id='word_1_23' title='bbox 1154 976 1337 1036; x_wconf 90' lang='lat' dir='ltr'>quam</span> <span class='ocrx_word' id='word_1_24' title='bbox 1378 956 1601 1018; x_wconf 85' lang='lat' dir='ltr'>milicia</span> <span class='ocrx_word' id='word_1_25' title='bbox 1638 967 1792 1018; x_wconf 89' lang='lat' dir='ltr'>terra</span> <span class='ocrx_word' id='word_1_26' title='bbox 1831 956 2104 1018; x_wconf 87' lang='lat' dir='ltr'>consistit</span> <span class='ocrx_word' id='word_1_27' title='bbox 2145 957 2207 1017; x_wconf 91' lang='lat' dir='ltr'>in</span> <span class='ocrx_word' id='word_1_28' title='bbox 2251 958 2362 1017; x_wconf 90' lang='lat' dir='ltr'>ista</span> 
     </span>
     <span class='ocr_line' id='line_1_6' title="bbox 967 1053 3011 1134; baseline -0.002 -17"><span class='ocrx_word' id='word_1_29' title='bbox 967 1057 1199 1130; x_wconf 78' lang='lat' dir='ltr'>Audax,</span> <span class='ocrx_word' id='word_1_30' title='bbox 1244 1057 1521 1134; x_wconf 87' lang='lat' dir='ltr'>preclara,</span> <span class='ocrx_word' id='word_1_31' title='bbox 1566 1055 1617 1116; x_wconf 88' lang='lat' dir='ltr'>si</span> <span class='ocrx_word' id='word_1_32' title='bbox 1658 1053 1818 1116; x_wconf 90' lang='lat' dir='ltr'>bene</span> <span class='ocrx_word' id='word_1_33' title='bbox 1858 1055 2020 1115; x_wconf 88' lang='lat' dir='ltr'>viuat</span> <span class='ocrx_word' id='word_1_34' title='bbox 2062 1059 2169 1116; x_wconf 87' lang='lat' dir='ltr'>eal</span> <span class='ocrx_word' id='word_1_35' title='bbox 2907 1077 3011 1130; x_wconf 82' lang='lat'>470</span> 
     </span>
     <span class='ocr_line' id='line_1_7' title="bbox 968 1151 2561 1232; baseline -0.003 -16"><span class='ocrx_word' id='word_1_36' title='bbox 968 1155 1031 1216; x_wconf 89' lang='lat' dir='ltr'>Si</span> <span class='ocrx_word' id='word_1_37' title='bbox 1074 1173 1197 1216; x_wconf 91' lang='lat' dir='ltr'>non</span> <span class='ocrx_word' id='word_1_38' title='bbox 1239 1173 1349 1232; x_wconf 91' lang='lat' dir='ltr'>pro</span> <span class='ocrx_word' id='word_1_39' title='bbox 1390 1153 1603 1214; x_wconf 88' lang='lat' dir='ltr'>mundi</span> <span class='ocrx_word' id='word_1_40' title='bbox 1645 1154 1814 1213; x_wconf 91' lang='lat' dir='ltr'>lucro</span> <span class='ocrx_word' id='word_1_41' title='bbox 1855 1171 2055 1230; x_wconf 91' lang='lat' dir='ltr'>neque</span> <span class='ocrx_word' id='word_1_42' title='bbox 2093 1153 2274 1214; x_wconf 87' lang='lat' dir='ltr'>laude</span> <span class='ocrx_word' id='word_1_43' title='bbox 2313 1151 2561 1227; x_wconf 86' lang='lat' dir='ltr'>laboret,</span> 
     </span>
     <span class='ocr_line' id='line_1_8' title="bbox 970 1251 2398 1324; baseline -0.003 -10"><span class='ocrx_word' id='word_1_44' title='bbox 970 1253 1313 1314; x_wconf 85' lang='lat' dir='ltr'>Indomitus</span> <span class='ocrx_word' id='word_1_45' title='bbox 1352 1269 1468 1312; x_wconf 85' lang='lat' dir='ltr'>nec</span> <span class='ocrx_word' id='word_1_46' title='bbox 1509 1269 1678 1311; x_wconf 89' lang='lat' dir='ltr'>amor</span> <span class='ocrx_word' id='word_1_47' title='bbox 1720 1252 1908 1312; x_wconf 81' lang='lat' dir='ltr'>ferrea</span> <span class='ocrx_word' id='word_1_48' title='bbox 1949 1251 2131 1311; x_wconf 88' lang='lat' dir='ltr'>corda</span> <span class='ocrx_word' id='word_1_49' title='bbox 2172 1251 2398 1324; x_wconf 87' lang='lat' dir='ltr'>domet,</span> 
     </span>
     <span class='ocr_line' id='line_1_9' title="bbox 971 1349 2431 1428; baseline -0.001 -18"><span class='ocrx_word' id='word_1_50' title='bbox 971 1351 1151 1411; x_wconf 86' lang='lat' dir='ltr'>Miles</span> <span class='ocrx_word' id='word_1_51' title='bbox 1194 1360 1479 1428; x_wconf 87' lang='lat' dir='ltr'>perpetue</span> <span class='ocrx_word' id='word_1_52' title='bbox 1520 1350 1715 1410; x_wconf 90' lang='lat' dir='ltr'>laudis</span> <span class='ocrx_word' id='word_1_53' title='bbox 1757 1361 1901 1409; x_wconf 91' lang='lat' dir='ltr'>tunc</span> <span class='ocrx_word' id='word_1_54' title='bbox 1942 1350 2141 1409; x_wconf 86' lang='lat' dir='ltr'>vincet</span> <span class='ocrx_word' id='word_1_55' title='bbox 2184 1349 2431 1422; x_wconf 89' lang='lat' dir='ltr'>honore,</span> 
     </span>
     <span class='ocr_line' id='line_1_10' title="bbox 969 1446 2213 1508; baseline -0.002 0"><span class='ocrx_word' id='word_1_56' title='bbox 969 1449 1213 1508; x_wconf 90' lang='lat' dir='ltr'>Nomen</span> <span class='ocrx_word' id='word_1_57' title='bbox 1255 1457 1316 1508; x_wconf 91' lang='lat' dir='ltr'>et</span> <span class='ocrx_word' id='word_1_58' title='bbox 1356 1459 1629 1508; x_wconf 85' lang='lat' dir='ltr'>eternum</span> <span class='ocrx_word' id='word_1_59' title='bbox 1671 1446 2012 1508; x_wconf 80' lang='lat' dir='ltr'>nobilitabit</span> <span class='ocrx_word' id='word_1_60' title='bbox 2055 1464 2213 1507; x_wconf 89' lang='lat' dir='ltr'>eum.</span> 
     </span>
     <span class='ocr_line' id='line_1_11' title="bbox 1048 1544 2457 1618; baseline -0.003 -12"><span class='ocrx_word' id='word_1_61' title='bbox 1048 1545 1111 1606; x_wconf 93' lang='lat' dir='ltr'>Si</span> <span class='ocrx_word' id='word_1_62' title='bbox 1154 1545 1315 1606; x_wconf 89' lang='lat' dir='ltr'>bona</span> <span class='ocrx_word' id='word_1_63' title='bbox 1354 1544 1575 1604; x_wconf 88' lang='lat' dir='ltr'>milicia</span> <span class='ocrx_word' id='word_1_64' title='bbox 1615 1544 1807 1618; x_wconf 78' lang='lat' dir='ltr'>fuerit,</span> <span class='ocrx_word' id='word_1_65' title='bbox 1851 1545 2001 1605; x_wconf 87' lang='lat' dir='ltr'>deus</span> <span class='ocrx_word' id='word_1_66' title='bbox 2041 1555 2197 1604; x_wconf 86' lang='lat' dir='ltr'>astat</span> <span class='ocrx_word' id='word_1_67' title='bbox 2236 1544 2300 1603; x_wconf 91' lang='lat' dir='ltr'>in</span> <span class='ocrx_word' id='word_1_68' title='bbox 2341 1544 2457 1616; x_wconf 89' lang='lat' dir='ltr'>illa,</span> 
     </span>
     <span class='ocr_line' id='line_1_12' title="bbox 966 1643 2245 1705; baseline 0.001 -3"><span class='ocrx_word' id='word_1_69' title='bbox 966 1646 1187 1705; x_wconf 75' lang='lat' dir='ltr'>Vinoet</span> <span class='ocrx_word' id='word_1_70' title='bbox 1228 1655 1289 1704; x_wconf 82' lang='lat' dir='ltr'>vt</span> <span class='ocrx_word' id='word_1_71' title='bbox 1332 1644 1555 1704; x_wconf 84' lang='lat' dir='ltr'>invicto</span> <span class='ocrx_word' id='word_1_72' title='bbox 1595 1644 1768 1704; x_wconf 90' lang='lat' dir='ltr'>miles</span> <span class='ocrx_word' id='word_1_73' title='bbox 1808 1643 1870 1702; x_wconf 92' lang='lat' dir='ltr'>in</span> <span class='ocrx_word' id='word_1_74' title='bbox 1913 1660 2058 1702; x_wconf 89' lang='lat' dir='ltr'>ense</span> <span class='ocrx_word' id='word_1_75' title='bbox 2099 1661 2245 1703; x_wconf 90' lang='lat' dir='ltr'>suo:</span> 
     </span>
     <span class='ocr_line' id='line_1_13' title="bbox 970 1741 2396 1818; baseline -0.004 -13"><span class='ocrx_word' id='word_1_76' title='bbox 970 1745 1034 1805; x_wconf 93' lang='lat' dir='ltr'>Si</span> <span class='ocrx_word' id='word_1_77' title='bbox 1078 1744 1237 1804; x_wconf 91' lang='lat' dir='ltr'>bona</span> <span class='ocrx_word' id='word_1_78' title='bbox 1278 1742 1500 1802; x_wconf 85' lang='lat' dir='ltr'>milicia</span> <span class='ocrx_word' id='word_1_79' title='bbox 1543 1742 1736 1812; x_wconf 86' lang='lat' dir='ltr'>fuerit,</span> <span class='ocrx_word' id='word_1_80' title='bbox 1777 1741 1977 1818; x_wconf 82' lang='lat' dir='ltr'>vigilat</span> <span class='ocrx_word' id='word_1_81' title='bbox 2019 1741 2180 1802; x_wconf 87' lang='lat' dir='ltr'>bona</span> <span class='ocrx_word' id='word_1_82' title='bbox 2219 1741 2396 1814; x_wconf 83' lang='lat' dir='ltr'>fama,</span> 
     </span>
     <span class='ocr_line' id='line_1_14' title="bbox 971 1839 2326 1918; baseline -0.001 -16"><span class='ocrx_word' id='word_1_83' title='bbox 971 1843 1111 1918; x_wconf 89' lang='lat' dir='ltr'>Que</span> <span class='ocrx_word' id='word_1_84' title='bbox 1152 1843 1304 1902; x_wconf 87' lang='lat' dir='ltr'>iacet</span> <span class='ocrx_word' id='word_1_85' title='bbox 1346 1841 1408 1901; x_wconf 89' lang='lat' dir='ltr'>in</span> <span class='ocrx_word' id='word_1_86' title='bbox 1450 1842 1606 1902; x_wconf 91' lang='lat' dir='ltr'>lecto</span> <span class='ocrx_word' id='word_1_87' title='bbox 1646 1841 1804 1899; x_wconf 89' lang='lat' dir='ltr'>victa</span> <span class='ocrx_word' id='word_1_88' title='bbox 1844 1857 2060 1917; x_wconf 90' lang='lat' dir='ltr'>sopore</span> <span class='ocrx_word' id='word_1_89' title='bbox 2101 1839 2326 1900; x_wconf 81' lang='lat' dir='ltr'>modo:</span> 
     </span>
     <span class='ocr_line' id='line_1_15' title="bbox 970 1936 2350 2014; baseline -0.004 -13"><span class='ocrx_word' id='word_1_90' title='bbox 970 1940 1033 2001; x_wconf 91' lang='lat' dir='ltr'>Si</span> <span class='ocrx_word' id='word_1_91' title='bbox 1074 1937 1241 2000; x_wconf 88' lang='lat' dir='ltr'>bona</span> <span class='ocrx_word' id='word_1_92' title='bbox 1282 1938 1506 1998; x_wconf 85' lang='lat' dir='ltr'>milicia</span> <span class='ocrx_word' id='word_1_93' title='bbox 1546 1937 1739 2013; x_wconf 81' lang='lat' dir='ltr'>fuerit,</span> <span class='ocrx_word' id='word_1_94' title='bbox 1783 1947 1913 1997; x_wconf 89' lang='lat' dir='ltr'>tum</span> <span class='ocrx_word' id='word_1_95' title='bbox 1956 1955 2105 2014; x_wconf 90' lang='lat' dir='ltr'>pace</span> <span class='ocrx_word' id='word_1_96' title='bbox 2149 1936 2350 1996; x_wconf 89' lang='lat' dir='ltr'>reviua</span> 
     </span>
     <span class='ocr_line' id='line_1_16' title="bbox 970 2038 3020 2116; baseline -0.002 -17"><span class='ocrx_word' id='word_1_97' title='bbox 970 2038 1239 2116; x_wconf 87' lang='lat' dir='ltr'>Sponsus</span> <span class='ocrx_word' id='word_1_98' title='bbox 1280 2056 1421 2098; x_wconf 87' lang='lat' dir='ltr'>cum</span> <span class='ocrx_word' id='word_1_99' title='bbox 1462 2054 1684 2114; x_wconf 88' lang='lat' dir='ltr'>sponsa</span> <span class='ocrx_word' id='word_1_100' title='bbox 1724 2047 1998 2114; x_wconf 86' lang='lat' dir='ltr'>preparat</span> <span class='ocrx_word' id='word_1_101' title='bbox 2037 2045 2172 2094; x_wconf 89' lang='lat' dir='ltr'>acta</span> <span class='ocrx_word' id='word_1_102' title='bbox 2213 2052 2360 2094; x_wconf 85' lang='lat' dir='ltr'>sua:</span> <span class='ocrx_word' id='word_1_103' title='bbox 2917 2044 3020 2105; x_wconf 81' lang='lat'>480</span> 
     </span>
     <span class='ocr_line' id='line_1_17' title="bbox 971 2131 2410 2208; baseline -0.003 -11"><span class='ocrx_word' id='word_1_104' title='bbox 971 2136 1035 2197; x_wconf 91' lang='lat' dir='ltr'>Si</span> <span class='ocrx_word' id='word_1_105' title='bbox 1076 2134 1239 2197; x_wconf 89' lang='lat' dir='ltr'>bona</span> <span class='ocrx_word' id='word_1_106' title='bbox 1280 2136 1500 2195; x_wconf 87' lang='lat' dir='ltr'>milicia</span> <span class='ocrx_word' id='word_1_107' title='bbox 1539 2134 1732 2208; x_wconf 86' lang='lat' dir='ltr'>fuerit,</span> <span class='ocrx_word' id='word_1_108' title='bbox 1778 2145 1920 2194; x_wconf 89' lang='lat' dir='ltr'>tunc</span> <span class='ocrx_word' id='word_1_109' title='bbox 1962 2132 2151 2193; x_wconf 88' lang='lat' dir='ltr'>hostis</span> <span class='ocrx_word' id='word_1_110' title='bbox 2190 2131 2270 2192; x_wconf 89' lang='lat' dir='ltr'>ab</span> <span class='ocrx_word' id='word_1_111' title='bbox 2311 2132 2410 2196; x_wconf 88' lang='lat' dir='ltr'>illa</span> 
     </span>
     <span class='ocr_line' id='line_1_18' title="bbox 972 2231 2300 2308; baseline -0.001 -14"><span class='ocrx_word' id='word_1_112' title='bbox 972 2235 1265 2294; x_wconf 85' lang='lat' dir='ltr'>Sternitur</span> <span class='ocrx_word' id='word_1_113' title='bbox 1302 2233 1572 2306; x_wconf 87' lang='lat' dir='ltr'>ecclesie,</span> <span class='ocrx_word' id='word_1_114' title='bbox 1615 2233 1828 2293; x_wconf 90' lang='lat' dir='ltr'>crescit</span> <span class='ocrx_word' id='word_1_115' title='bbox 1867 2241 1930 2294; x_wconf 87' lang='lat' dir='ltr'>et</span> <span class='ocrx_word' id='word_1_116' title='bbox 1971 2232 2101 2308; x_wconf 90' lang='lat' dir='ltr'>ipsa</span> <span class='ocrx_word' id='word_1_117' title='bbox 2141 2231 2300 2293; x_wconf 83' lang='lat' dir='ltr'>fide:</span> 
     </span>
     <span class='ocr_line' id='line_1_19' title="bbox 973 2329 2200 2402; baseline -0.003 -10"><span class='ocrx_word' id='word_1_118' title='bbox 973 2331 1036 2392; x_wconf 93' lang='lat' dir='ltr'>Si</span> <span class='ocrx_word' id='word_1_119' title='bbox 1078 2329 1241 2392; x_wconf 89' lang='lat' dir='ltr'>bona</span> <span class='ocrx_word' id='word_1_120' title='bbox 1282 2331 1502 2390; x_wconf 86' lang='lat' dir='ltr'>milicia</span> <span class='ocrx_word' id='word_1_121' title='bbox 1543 2330 1736 2402; x_wconf 85' lang='lat' dir='ltr'>fuerit,</span> <span class='ocrx_word' id='word_1_122' title='bbox 1776 2329 2010 2390; x_wconf 89' lang='lat' dir='ltr'>taxacio</span> <span class='ocrx_word' id='word_1_123' title='bbox 2050 2329 2200 2389; x_wconf 91' lang='lat' dir='ltr'>dura</span> 
     </span>
     <span class='ocr_line' id='line_1_20' title="bbox 975 2425 2499 2506; baseline -0.001 -17"><span class='ocrx_word' id='word_1_124' title='bbox 975 2429 1115 2505; x_wconf 87' lang='lat' dir='ltr'>Que</span> <span class='ocrx_word' id='word_1_125' title='bbox 1156 2439 1331 2489; x_wconf 88' lang='lat' dir='ltr'>sonat</span> <span class='ocrx_word' id='word_1_126' title='bbox 1373 2429 1435 2488; x_wconf 91' lang='lat' dir='ltr'>in</span> <span class='ocrx_word' id='word_1_127' title='bbox 1477 2427 1664 2506; x_wconf 88' lang='lat' dir='ltr'>patria</span> <span class='ocrx_word' id='word_1_128' title='bbox 1706 2437 1852 2487; x_wconf 94' lang='lat' dir='ltr'>tunc</span> <span class='ocrx_word' id='word_1_129' title='bbox 1892 2427 2004 2488; x_wconf 93' lang='lat' dir='ltr'>erit</span> <span class='ocrx_word' id='word_1_130' title='bbox 2043 2425 2274 2504; x_wconf 88' lang='lat' dir='ltr'>absque</span> <span class='ocrx_word' id='word_1_131' title='bbox 2316 2436 2499 2487; x_wconf 89' lang='lat' dir='ltr'>nota:</span> 
     </span>
     <span class='ocr_line' id='line_1_21' title="bbox 973 2524 2427 2601; baseline -0.002 -13"><span class='ocrx_word' id='word_1_132' title='bbox 973 2528 1035 2588; x_wconf 91' lang='lat' dir='ltr'>Si</span> <span class='ocrx_word' id='word_1_133' title='bbox 1076 2526 1241 2588; x_wconf 89' lang='lat' dir='ltr'>bona</span> <span class='ocrx_word' id='word_1_134' title='bbox 1282 2527 1517 2601; x_wconf 83' lang='lat' dir='ltr'>milicia,</span> <span class='ocrx_word' id='word_1_135' title='bbox 1562 2536 1708 2586; x_wconf 89' lang='lat' dir='ltr'>tunc</span> <span class='ocrx_word' id='word_1_136' title='bbox 1751 2543 1874 2586; x_wconf 89' lang='lat' dir='ltr'>non</span> <span class='ocrx_word' id='word_1_137' title='bbox 1916 2524 2173 2586; x_wconf 84' lang='lat' dir='ltr'>tardabit</span> <span class='ocrx_word' id='word_1_138' title='bbox 2213 2525 2427 2586; x_wconf 89' lang='lat' dir='ltr'>adesse</span> 
     </span>
     <span class='ocr_line' id='line_1_22' title="bbox 976 2622 2570 2701; baseline -0.001 -17"><span class='ocrx_word' id='word_1_139' title='bbox 976 2625 1115 2700; x_wconf 83' lang='lat' dir='ltr'>Pax,</span> <span class='ocrx_word' id='word_1_140' title='bbox 1159 2643 1300 2684; x_wconf 90' lang='lat' dir='ltr'>cum</span> <span class='ocrx_word' id='word_1_141' title='bbox 1341 2641 1461 2701; x_wconf 88' lang='lat' dir='ltr'>qua</span> <span class='ocrx_word' id='word_1_142' title='bbox 1502 2623 1758 2684; x_wconf 89' lang='lat' dir='ltr'>redeunt</span> <span class='ocrx_word' id='word_1_143' title='bbox 1796 2641 2079 2701; x_wconf 88' lang='lat' dir='ltr'>prospera</span> <span class='ocrx_word' id='word_1_144' title='bbox 2118 2633 2336 2684; x_wconf 91' lang='lat' dir='ltr'>cuncta</span> <span class='ocrx_word' id='word_1_145' title='bbox 2375 2622 2570 2682; x_wconf 89' lang='lat' dir='ltr'>simul.</span> 
     </span>
     <span class='ocr_line' id='line_1_23' title="bbox 1057 2721 2671 2798; baseline -0.002 -17"><span class='ocrx_word' id='word_1_146' title='bbox 1057 2723 1181 2798; x_wconf 89' lang='lat' dir='ltr'>Qui</span> <span class='ocrx_word' id='word_1_147' title='bbox 1220 2721 1421 2782; x_wconf 90' lang='lat' dir='ltr'>bonus</span> <span class='ocrx_word' id='word_1_148' title='bbox 1460 2731 1553 2782; x_wconf 91' lang='lat' dir='ltr'>est</span> <span class='ocrx_word' id='word_1_149' title='bbox 1593 2721 1765 2781; x_wconf 89' lang='lat' dir='ltr'>miles</span> <span class='ocrx_word' id='word_1_150' title='bbox 1807 2721 2014 2798; x_wconf 92' lang='lat' dir='ltr'>nequit</span> <span class='ocrx_word' id='word_1_151' title='bbox 2054 2738 2326 2781; x_wconf 84' lang='lat' dir='ltr'>exercere</span> <span class='ocrx_word' id='word_1_152' title='bbox 2366 2737 2671 2798; x_wconf 87' lang='lat' dir='ltr'>pauorem,</span> 
     </span>
     <span class='ocr_line' id='line_1_24' title="bbox 977 2819 2260 2898; baseline -0.002 -18"><span class='ocrx_word' id='word_1_153' title='bbox 977 2821 1109 2882; x_wconf 90' lang='lat' dir='ltr'>Nec</span> <span class='ocrx_word' id='word_1_154' title='bbox 1149 2819 1352 2898; x_wconf 90' lang='lat' dir='ltr'>tepide</span> <span class='ocrx_word' id='word_1_155' title='bbox 1394 2819 1613 2879; x_wconf 88' lang='lat' dir='ltr'>mentis</span> <span class='ocrx_word' id='word_1_156' title='bbox 1654 2819 1864 2878; x_wconf 89' lang='lat' dir='ltr'>intima</span> <span class='ocrx_word' id='word_1_157' title='bbox 1904 2820 2026 2880; x_wconf 90' lang='lat' dir='ltr'>lesa</span> <span class='ocrx_word' id='word_1_158' title='bbox 2064 2829 2260 2897; x_wconf 85' lang='lat' dir='ltr'>gerat:</span> 
     </span>
     <span class='ocr_line' id='line_1_25' title="bbox 976 2915 2722 2994; baseline -0.002 -16"><span class='ocrx_word' id='word_1_159' title='bbox 976 2918 1099 2994; x_wconf 87' lang='lat' dir='ltr'>Qui</span> <span class='ocrx_word' id='word_1_160' title='bbox 1144 2918 1340 2978; x_wconf 90' lang='lat' dir='ltr'>bonus</span> <span class='ocrx_word' id='word_1_161' title='bbox 1380 2928 1471 2978; x_wconf 90' lang='lat' dir='ltr'>est</span> <span class='ocrx_word' id='word_1_162' title='bbox 1514 2917 1684 2978; x_wconf 89' lang='lat' dir='ltr'>miles</span> <span class='ocrx_word' id='word_1_163' title='bbox 1727 2916 1939 2977; x_wconf 90' lang='lat' dir='ltr'>mundi</span> <span class='ocrx_word' id='word_1_164' title='bbox 1980 2917 2114 2977; x_wconf 88' lang='lat' dir='ltr'>terit</span> <span class='ocrx_word' id='word_1_165' title='bbox 2155 2934 2340 2977; x_wconf 88' lang='lat' dir='ltr'>omne</span> <span class='ocrx_word' id='word_1_166' title='bbox 2379 2915 2722 2992; x_wconf 88' lang='lat' dir='ltr'>superbum,</span> 
     </span>
     <span class='ocr_line' id='line_1_26' title="bbox 978 3014 3025 3092; baseline 0 -19"><span class='ocrx_word' id='word_1_167' title='bbox 978 3016 1184 3076; x_wconf 84' lang='lat' dir='ltr'>Vincit</span> <span class='ocrx_word' id='word_1_168' title='bbox 1224 3026 1285 3077; x_wconf 94' lang='lat' dir='ltr'>et</span> <span class='ocrx_word' id='word_1_169' title='bbox 1326 3033 1401 3076; x_wconf 87' lang='lat' dir='ltr'>ex</span> <span class='ocrx_word' id='word_1_170' title='bbox 1441 3015 1652 3075; x_wconf 89' lang='lat' dir='ltr'>humili</span> <span class='ocrx_word' id='word_1_171' title='bbox 1694 3015 1878 3076; x_wconf 91' lang='lat' dir='ltr'>corde</span> <span class='ocrx_word' id='word_1_172' title='bbox 1920 3014 2178 3092; x_wconf 86' lang='lat' dir='ltr'>maligna</span> <span class='ocrx_word' id='word_1_173' title='bbox 2219 3014 2415 3075; x_wconf 81' lang='lat' dir='ltr'>ferus:</span> <span class='ocrx_word' id='word_1_174' title='bbox 2920 3037 3025 3088; x_wconf 85' lang='lat'>490</span> 
     </span>
     <span class='ocr_line' id='line_1_27' title="bbox 979 3111 2596 3192; baseline -0.002 -17"><span class='ocrx_word' id='word_1_175' title='bbox 979 3115 1103 3190; x_wconf 88' lang='lat' dir='ltr'>Qui</span> <span class='ocrx_word' id='word_1_176' title='bbox 1145 3114 1343 3175; x_wconf 90' lang='lat' dir='ltr'>bonus</span> <span class='ocrx_word' id='word_1_177' title='bbox 1384 3124 1476 3175; x_wconf 91' lang='lat' dir='ltr'>est</span> <span class='ocrx_word' id='word_1_178' title='bbox 1516 3115 1688 3175; x_wconf 91' lang='lat' dir='ltr'>miles</span> <span class='ocrx_word' id='word_1_179' title='bbox 1731 3133 1840 3192; x_wconf 93' lang='lat' dir='ltr'>pro</span> <span class='ocrx_word' id='word_1_180' title='bbox 1883 3111 2063 3175; x_wconf 89' lang='lat' dir='ltr'>Cristi</span> <span class='ocrx_word' id='word_1_181' title='bbox 2107 3113 2354 3173; x_wconf 89' lang='lat' dir='ltr'>nomine</span> <span class='ocrx_word' id='word_1_182' title='bbox 2394 3121 2596 3185; x_wconf 88' lang='lat' dir='ltr'>certat,</span> 
     </span>
     <span class='ocr_line' id='line_1_28' title="bbox 980 3211 2393 3290; baseline 0.001 -18"><span class='ocrx_word' id='word_1_183' title='bbox 980 3213 1060 3272; x_wconf 91' lang='lat' dir='ltr'>Et</span> <span class='ocrx_word' id='word_1_184' title='bbox 1100 3231 1227 3272; x_wconf 90' lang='lat' dir='ltr'>rem</span> <span class='ocrx_word' id='word_1_185' title='bbox 1268 3230 1656 3272; x_wconf 90' lang='lat' dir='ltr'>communem</span> <span class='ocrx_word' id='word_1_186' title='bbox 1699 3212 1956 3290; x_wconf 90' lang='lat' dir='ltr'>protegit</span> <span class='ocrx_word' id='word_1_187' title='bbox 1998 3211 2127 3289; x_wconf 88' lang='lat' dir='ltr'>ipse</span> <span class='ocrx_word' id='word_1_188' title='bbox 2168 3229 2393 3273; x_wconf 85' lang='lat' dir='ltr'>manu:</span> 
     </span>
     <span class='ocr_line' id='line_1_29' title="bbox 978 3307 2900 3388; baseline -0.002 -17"><span class='ocrx_word' id='word_1_189' title='bbox 978 3310 1103 3386; x_wconf 87' lang='lat' dir='ltr'>Qui</span> <span class='ocrx_word' id='word_1_190' title='bbox 1144 3311 1342 3371; x_wconf 89' lang='lat' dir='ltr'>bonus</span> <span class='ocrx_word' id='word_1_191' title='bbox 1384 3321 1473 3370; x_wconf 90' lang='lat' dir='ltr'>est</span> <span class='ocrx_word' id='word_1_192' title='bbox 1516 3311 1685 3371; x_wconf 87' lang='lat' dir='ltr'>miles</span> <span class='ocrx_word' id='word_1_193' title='bbox 1729 3309 1944 3388; x_wconf 89' lang='lat' dir='ltr'>probat</span> <span class='ocrx_word' id='word_1_194' title='bbox 1985 3321 2045 3370; x_wconf 91' lang='lat' dir='ltr'>et</span> <span class='ocrx_word' id='word_1_195' title='bbox 2088 3309 2245 3370; x_wconf 91' lang='lat' dir='ltr'>bene</span> <span class='ocrx_word' id='word_1_196' title='bbox 2285 3309 2397 3370; x_wconf 87' lang='lat' dir='ltr'>scit</span> <span class='ocrx_word' id='word_1_197' title='bbox 2439 3309 2607 3387; x_wconf 90' lang='lat' dir='ltr'>quod</span> <span class='ocrx_word' id='word_1_198' title='bbox 2648 3309 2710 3368; x_wconf 90' lang='lat' dir='ltr'>in</span> <span class='ocrx_word' id='word_1_199' title='bbox 2753 3307 2900 3368; x_wconf 90' lang='lat' dir='ltr'>orbe</span> 
     </span>
     <span class='ocr_line' id='line_1_30' title="bbox 980 3408 2081 3487; baseline 0.001 -20"><span class='ocrx_word' id='word_1_200' title='bbox 980 3409 1077 3470; x_wconf 90' lang='lat' dir='ltr'>De</span> <span class='ocrx_word' id='word_1_201' title='bbox 1118 3409 1259 3470; x_wconf 90' lang='lat' dir='ltr'>belli</span> <span class='ocrx_word' id='word_1_202' title='bbox 1299 3409 1420 3469; x_wconf 83' lang='lat' dir='ltr'>fine</span> <span class='ocrx_word' id='word_1_203' title='bbox 1463 3409 1627 3487; x_wconf 90' lang='lat' dir='ltr'>pacis</span> <span class='ocrx_word' id='word_1_204' title='bbox 1669 3409 1839 3486; x_wconf 88' lang='lat' dir='ltr'>origo</span> <span class='ocrx_word' id='word_1_205' title='bbox 1882 3408 2081 3483; x_wconf 90' lang='lat' dir='ltr'>venit;</span> 
     </span>
     <span class='ocr_line' id='line_1_31' title="bbox 979 3505 2378 3568; baseline -0.001 -2"><span class='ocrx_word' id='word_1_206' title='bbox 979 3506 1143 3567; x_wconf 89' lang='lat' dir='ltr'>Talis</span> <span class='ocrx_word' id='word_1_207' title='bbox 1183 3507 1347 3567; x_wconf 89' lang='lat' dir='ltr'>enim</span> <span class='ocrx_word' id='word_1_208' title='bbox 1389 3507 1559 3567; x_wconf 89' lang='lat' dir='ltr'>miles</span> <span class='ocrx_word' id='word_1_209' title='bbox 1601 3507 1679 3567; x_wconf 91' lang='lat' dir='ltr'>de</span> <span class='ocrx_word' id='word_1_210' title='bbox 1721 3525 1859 3568; x_wconf 86' lang='lat' dir='ltr'>vera</span> <span class='ocrx_word' id='word_1_211' title='bbox 1899 3505 2078 3567; x_wconf 90' lang='lat' dir='ltr'>laude</span> <span class='ocrx_word' id='word_1_212' title='bbox 2119 3517 2378 3567; x_wconf 90' lang='lat' dir='ltr'>meretur</span> 
     </span>
     <span class='ocr_line' id='line_1_32' title="bbox 983 3604 2547 3684; baseline -0.001 -20"><span class='ocrx_word' id='word_1_213' title='bbox 983 3605 1293 3684; x_wconf 89' lang='lat' dir='ltr'>Quicquid</span> <span class='ocrx_word' id='word_1_214' title='bbox 1332 3605 1396 3664; x_wconf 89' lang='lat' dir='ltr'>in</span> <span class='ocrx_word' id='word_1_215' title='bbox 1440 3605 1831 3665; x_wconf 78' lang='lat' dir='ltr'>boemundo</span> <span class='ocrx_word' id='word_1_216' title='bbox 1875 3605 2072 3681; x_wconf 88' lang='lat' dir='ltr'>regula</span> <span class='ocrx_word' id='word_1_217' title='bbox 2113 3605 2306 3665; x_wconf 90' lang='lat' dir='ltr'>laudis</span> <span class='ocrx_word' id='word_1_218' title='bbox 2349 3604 2547 3665; x_wconf 90' lang='lat' dir='ltr'>habet.</span> 
     </span>
    </p>
   </div>
   <div class='ocr_carea' id='block_1_5' title="bbox 818 3816 3025 3977">
    <p class='ocr_par' dir='ltr' id='par_1_5' title="bbox 818 3816 3025 3977">
     <span class='ocr_line' id='line_1_33' title="bbox 887 3816 3025 3888; baseline 0 -16"><span class='ocrx_word' id='word_1_219' title='bbox 887 3817 1006 3873; x_wconf 77' lang='lat' dir='ltr'>Hic</span> <span class='ocrx_word' id='word_1_220' title='bbox 1047 3818 1325 3888; x_wconf 77' lang='lat' dir='ltr'>loquitur</span> <span class='ocrx_word' id='word_1_221' title='bbox 1369 3818 1643 3888; x_wconf 75' lang='lat' dir='ltr'>quanter</span> <span class='ocrx_word' id='word_1_222' title='bbox 1686 3817 1914 3874; x_wconf 77' lang='lat' dir='ltr'>milicie</span> <span class='ocrx_word' id='word_1_223' title='bbox 1961 3818 2338 3888; x_wconf 68' lang='lat' dir='ltr'>improbitas</span> <span class='ocrx_word' id='word_1_224' title='bbox 2372 3819 2540 3875; x_wconf 72' lang='lat' dir='ltr'>alios</span> <span class='ocrx_word' id='word_1_225' title='bbox 2573 3816 2813 3888; x_wconf 71' lang='lat' dir='ltr'>gradu·</span> <span class='ocrx_word' id='word_1_226' title='bbox 2846 3830 3025 3886; x_wconf 78' lang='lat' dir='ltr'>quos·</span> 
     </span>
     <span class='ocr_line' id='line_1_34' title="bbox 818 3905 2358 3977; baseline -0.001 -16"><span class='ocrx_word' id='word_1_227' title='bbox 818 3920 1079 3974; x_wconf 79' lang='lat' dir='ltr'>cumque</span> <span class='ocrx_word' id='word_1_228' title='bbox 1115 3921 1235 3962; x_wconf 72' lang='lat' dir='ltr'>tua</span> <span class='ocrx_word' id='word_1_229' title='bbox 1268 3906 1425 3962; x_wconf 80' lang='lat' dir='ltr'>ledit</span> <span class='ocrx_word' id='word_1_230' title='bbox 1458 3906 1942 3977; x_wconf 78' lang='lat' dir='ltr'>importunitate</span> <span class='ocrx_word' id='word_1_231' title='bbox 1975 3909 2042 3962; x_wconf 84' lang='lat' dir='ltr'>et</span> <span class='ocrx_word' id='word_1_232' title='bbox 2077 3905 2358 3963; x_wconf 84' lang='lat' dir='ltr'>offendit.</span> 
     </span>
    </p>
   </div>
   <div class='ocr_carea' id='block_1_6' title="bbox 591 4027 2643 4299">
    <p class='ocr_par' dir='ltr' id='par_1_6' title="bbox 591 4027 2643 4299">
     <span class='ocr_line' id='line_1_35' title="bbox 591 4027 2522 4104; baseline -0.002 -15"><span class='ocrx_word' id='word_1_233' title='bbox 591 4031 786 4104; x_wconf 78' lang='lat' dir='ltr'>Capm.</span> <span class='ocrx_word' id='word_1_234' title='bbox 815 4027 932 4087; x_wconf 83' lang='lat' dir='ltr'>viii.</span> <span class='ocrx_word' id='word_1_235' title='bbox 1066 4027 1129 4088; x_wconf 91' lang='lat' dir='ltr'>Si</span> <span class='ocrx_word' id='word_1_236' title='bbox 1168 4037 1372 4088; x_wconf 88' lang='lat' dir='ltr'>tamen</span> <span class='ocrx_word' id='word_1_237' title='bbox 1413 4038 1656 4089; x_wconf 90' lang='lat' dir='ltr'>econtra</span> <span class='ocrx_word' id='word_1_238' title='bbox 1696 4027 1868 4089; x_wconf 89' lang='lat' dir='ltr'>miles</span> <span class='ocrx_word' id='word_1_239' title='bbox 1907 4045 2016 4088; x_wconf 87' lang='lat' dir='ltr'>sua</span> <span class='ocrx_word' id='word_1_240' title='bbox 2056 4027 2302 4104; x_wconf 87' lang='lat' dir='ltr'>gesserit</span> <span class='ocrx_word' id='word_1_241' title='bbox 2340 4045 2522 4101; x_wconf 86' lang='lat' dir='ltr'>arma,</span> 
     </span>
     <span class='ocr_line' id='line_1_36' title="bbox 987 4124 2348 4203; baseline 0.003 -20"><span class='ocrx_word' id='word_1_242' title='bbox 987 4124 1290 4186; x_wconf 89' lang='lat' dir='ltr'>Euenient</span> <span class='ocrx_word' id='word_1_243' title='bbox 1329 4127 1499 4203; x_wconf 90' lang='lat' dir='ltr'>plura</span> <span class='ocrx_word' id='word_1_244' title='bbox 1539 4126 1804 4203; x_wconf 86' lang='lat' dir='ltr'>dampna</span> <span class='ocrx_word' id='word_1_245' title='bbox 1844 4126 2112 4186; x_wconf 89' lang='lat' dir='ltr'>timenda</span> <span class='ocrx_word' id='word_1_246' title='bbox 2151 4127 2348 4187; x_wconf 88' lang='lat' dir='ltr'>mala:</span> 
     </span>
     <span class='ocr_line' id='line_1_37' title="bbox 984 4223 2643 4299; baseline 0.001 -17"><span class='ocrx_word' id='word_1_247' title='bbox 984 4223 1045 4282; x_wconf 90' lang='lat' dir='ltr'>Si</span> <span class='ocrx_word' id='word_1_248' title='bbox 1089 4223 1245 4282; x_wconf 86' lang='lat' dir='ltr'>mala</span> <span class='ocrx_word' id='word_1_249' title='bbox 1286 4224 1521 4299; x_wconf 88' lang='lat' dir='ltr'>milicia,</span> <span class='ocrx_word' id='word_1_250' title='bbox 1568 4224 1753 4284; x_wconf 89' lang='lat' dir='ltr'>nichil</span> <span class='ocrx_word' id='word_1_251' title='bbox 1794 4235 1885 4286; x_wconf 93' lang='lat' dir='ltr'>est</span> <span class='ocrx_word' id='word_1_252' title='bbox 1926 4234 2180 4296; x_wconf 88' lang='lat' dir='ltr'>scutum,</span> <span class='ocrx_word' id='word_1_253' title='bbox 2225 4224 2415 4284; x_wconf 88' lang='lat' dir='ltr'>nichil</span> <span class='ocrx_word' id='word_1_254' title='bbox 2457 4223 2643 4296; x_wconf 70' lang='lat' dir='ltr'>hasta,</span> 
     </span>
    </p>
   </div>
   <div class='ocr_carea' id='block_1_7' title="bbox 818 4371 3032 4518">
    <p class='ocr_par' dir='ltr' id='par_1_7' title="bbox 818 4371 3032 4518">
     <span class='ocr_line' id='line_1_38' title="bbox 888 4371 3032 4438; baseline -0.002 -16"><span class='ocrx_word' id='word_1_255' title='bbox 888 4389 987 4436; x_wconf 83' lang='lat'>470</span> <span class='ocrx_word' id='word_1_256' title='bbox 1025 4373 1152 4422; x_wconf 80' lang='lat' dir='ltr'>viuit</span> <span class='ocrx_word' id='word_1_257' title='bbox 1184 4373 1229 4422; x_wconf 88' lang='lat' dir='ltr'>C</span> <span class='ocrx_word' id='word_1_258' title='bbox 1448 4389 1542 4438; x_wconf 81' lang='lat'>471</span> <span class='ocrx_word' id='word_1_259' title='bbox 1584 4375 1783 4426; x_wconf 76' lang='lat' dir='ltr'>laborat</span> <span class='ocrx_word' id='word_1_260' title='bbox 1817 4375 1906 4426; x_wconf 72' lang='grc' dir='ltr'>(ΞΕ</span> <span class='ocrx_word' id='word_1_261' title='bbox 2126 4375 2275 4437; x_wconf 70' lang='grc' dir='ltr'><strong>487ί.</strong></span> <span class='ocrx_word' id='word_1_262' title='bbox 2325 4374 2440 4424; x_wconf 84' lang='lat' dir='ltr'>Two</span> <span class='ocrx_word' id='word_1_263' title='bbox 2473 4373 2596 4423; x_wconf 74' lang='lat' dir='ltr'>lines</span> <span class='ocrx_word' id='word_1_264' title='bbox 2627 4388 2728 4422; x_wconf 81' lang='lat' dir='ltr'>om.</span> <span class='ocrx_word' id='word_1_265' title='bbox 2767 4371 2862 4421; x_wconf 86' lang='lat' dir='ltr'>DL</span> <span class='ocrx_word' id='word_1_266' title='bbox 2949 4371 3032 4420; x_wconf 79' lang='grc' dir='ltr'>Νο</span> 
     </span>
     <span class='ocr_line' id='line_1_39' title="bbox 818 4451 1664 4518; baseline 0.005 -20"><span class='ocrx_word' id='word_1_267' title='bbox 818 4460 1020 4518; x_wconf 77' lang='lat' dir='ltr'>parag-r.</span> <span class='ocrx_word' id='word_1_268' title='bbox 1050 4451 1243 4502; x_wconf 79' lang='lat' dir='ltr'><strong>CEHT</strong></span> <span class='ocrx_word' id='word_1_269' title='bbox 1657 4473 1664 4481; x_wconf 90' lang='lat'>·</span> 
     </span>
    </p>
   </div>
  </div>
 </body>
</html>
