3434 5142
809 444 926 507 152
1509 422 1712 487 VOX
1770 420 2313 486 CLAMANTIS

967 585 1146 645 Tales
1187 582 1239 644 si
1279 582 1414 662 quis
1455 581 1600 643 emit
1639 584 1824 657 lucro,
1869 580 2241 641 frustrabitur
2279 580 2441 655 inde,

965 684 1092 742 Aut
1133 681 1182 741 si
1223 683 1432 759 perdet
1471 679 1537 740 in
1577 679 1692 741 hiis
1732 679 1845 740 scit
1884 678 2071 757 magis
2112 678 2240 758 ipse
2281 681 2449 740 deus,

971 782 1114 839 Hoc
1155 778 1298 852 sci0,
1342 779 1509 857 quod
1549 798 1770 856 panem
1810 777 1916 855 qui
1954 776 2189 855 fregerit
2228 774 2526 849 esurienti,

972 876 1160 939 Cuius
1200 876 1476 938 debilitas
1515 887 1608 937 est
1647 875 1779 936 sine
1817 877 2026 935 fraude
2064 884 2295 953 patena

972 974 1097 1052 Qui
1137 976 1334 1035 nudos
1373 973 1582 1053 operit,
1625 972 1893 1033 infirmos
1934 971 2147 1046 visitat,
2190 971 2277 1033 illi

975 1072 1288 1133 Debentur
1327 1071 1538 1133 merita
1576 1090 1686 1149 pro
1728 1070 1997 1131 bonitate
2036 1090 2185 1131 sua:

973 1172 1077 1231 Set
1116 1168 1222 1247 qui
1261 1180 1402 1230 sunt
1440 1170 1638 1242 forteS,
1681 1188 1957 1246 vanaque
1997 1169 2111 1229 sub
2150 1166 2377 1229 ordinis
2416 1166 2627 1229 vmbra

918 1324 926 1335 ,
973 1265 1338 1345 Conspirant
1375 1264 1642 1344 requiem
1684 1284 1867 1343 quam
1910 1265 2025 1325 sibi
2064 1266 2327 1326 mundus
2368 1264 2569 1339 habet,
2888 1274 3019 1339 1670

977 1366 1148 1425 Errat
1185 1384 1291 1424 eos
1329 1366 1528 1443 presul
1567 1382 1825 1437 sacram,
1866 1374 1929 1423 et
1968 1382 2241 1441 quosque
2278 1363 2539 1424 locando

975 1464 1154 1523 Tales
1193 1463 1274 1523 de
1313 1460 1526 1523 merito
1566 1463 1815 1540 perdere
1854 1461 2019 1522 dona
2056 1472 2221 1539 puto,

881 1714 1004 1771 Hic
1053 1717 1296 1772 tractat
1343 1728 1624 1781 causam,
1675 1730 1872 1784 quare
1920 1714 2152 1771 accidit
2201 1714 2366 1784 quod
2412 1712 2579 1780 laici,
2630 1712 2817 1782 quui
2869 1712 3026 1767 iuris

813 1802 1019 1869 amici,
1099 1803 1343 1858 luxurie
1424 1804 1914 1873 presbiterorum
1996 1802 2510 1858 consuetudinem
2588 1801 3021 1863 abhorrenteo,

813 1905 956 1946 eam
991 1891 1368 1948 multociens
1403 1890 1805 1960 castigantes
1840 1891 2127 1961 grauiter
2162 1892 2470 1961 affligunt.

585 2012 783 2089 Capm.
814 2010 946 2072 xxii.
1077 2012 1222 2073 Hoc
1261 2011 1407 2073 dicit
1446 2014 1656 2088 εἰει-ηε,
1699 2013 1884 2090 quod,
1927 2010 2204 2089 quamuis
2244 2008 2492 2071 crimine
2531 2011 2743 2089 plenus

979 2110 1086 2184 Sit,
1129 2128 1255 2170 non
1296 2121 1386 2172 est
1425 2110 1562 2171 laici
1602 2130 1828 2189 ponere
1869 2108 2095 2170 crimen
2137 2109 2233 2184 εἰς

982 2210 1154 2268 Alter
1192 2218 1253 2268 et
1292 2206 1531 2267 alterius
1572 2207 1714 2268 cleri
1755 2216 2003 2287 peccata
2043 2209 2247 2268 fauore

992 2308 1268 2378 Excusat,
1312 2306 1479 2383 quod
1520 2305 1584 2365 in
1624 2304 1740 2366 hiis
1782 2315 1897 2367 stat
1938 2305 2067 2367 sine
2108 2308 2239 2385 lege
2281 2324 2433 2365 reus,

987 2404 1132 2463 Non
1171 2401 1435 2463 accusari
1475 2404 1603 2463 vult
1642 2422 1681 2462 a
1720 2402 1901 2477 laicis,
1946 2415 2150 2464 tamen
2190 2402 2324 2463 illos

985 2504 1264 2574 Accusat,
1309 2520 1428 2578 que
1469 2499 1585 2561 sibi
1625 2501 1811 2562 libera
1850 2503 2016 2563 frena
2056 2500 2221 2581 petit.

989 2597 1206 2660 Libera
1246 2609 1385 2658 sunt
1425 2598 1566 2660 ideo
1606 2610 1853 2678 peccata
1894 2599 2200 2679 placencia
2238 2600 2415 2673 clere,

987 2696 1078 2757 Sit
1116 2694 1231 2757 nisi
1271 2698 1438 2774 quod
1479 2695 1614 2757 laici
1655 2696 1783 2757 iura
1822 2698 2083 2758 ferantur
2122 2696 2222 2757 ibi.
2902 2703 3035 2755 1680

989 2792 1289 2855 Presbiter
1326 2793 1612 2874 insipiens
1653 2797 1945 2875 populum
1987 2796 2129 2856 facit
2167 2792 2565 2874 insipientem,

995 2894 1074 2952 Et
1115 2894 1273 2952 mala
1314 2894 1502 2953 multa
1541 2892 1694 2970 parit
1736 2892 1839 2971 qui
1882 2892 2043 2955 bona
2082 2912 2275 2972 pauca
2314 2892 2503 2972 sapit:

993 2990 1203 3051 Clerus
1243 2990 1374 3069 lege
1415 3010 1621 3051 carens
1661 2993 1953 3070 populum
1996 2993 2099 3053 dat
2139 2993 2269 3069 lege
2309 3000 2627 3064 carentem,

994 3086 1092 3148 Sic
1131 3099 1298 3167 parat
1339 3099 1400 3149 et
1439 3107 1682 3149 causam
1724 3088 2012 3168 presbiter
2052 3088 2182 3168 ipse
2222 3107 2429 3149 suam:

995 3185 1156 3245 Nam
1197 3185 1340 3264 quia
1377 3186 1508 3264 lege
1548 3198 1708 3247 caret
1749 3186 1949 3261 laicuS,
1996 3186 2125 3247 sine
2164 3188 2294 3265 lege
2335 3194 2742 3246 manentem

997 3285 1239 3361 Ignorat
1278 3284 1520 3359 clerum,
1563 3304 1749 3363 quern
1789 3285 1953 3346 videt
1992 3304 2123 3346 esse
2165 3305 2350 3345 reum.

996 3380 1059 3442 Si
1099 3382 1250 3443 foret
1289 3393 1351 3443 et
1389 3382 1627 3461 sapiens
1667 3385 1877 3457 cleruS,
1922 3382 2223 3461 sapiencia
2262 3380 2454 3461 plebis

995 3481 1204 3553 Staret,
1247 3490 1310 3539 vt
1349 3479 1413 3539 in
1454 3482 1584 3559 lege
1624 3491 1846 3559 perstet
1887 3492 2134 3559 vterque
2174 3479 2389 3555 simu13

965 3577 1099 3637 .Set
1139 3575 1282 3655 quia
1321 3576 1441 3637 iam
1481 3577 1629 3638 fatui
1667 3588 1835 3655 patet
1872 3577 2223 3658 insipiencia
2262 3576 2421 3653 cleri,

998 3672 1340 3753 Despicitur
1379 3672 1500 3734 vita
1539 3674 1887 3754 desipientis
1928 3674 2027 3735 ita.
2914 3680 3044 3748 1690

1077 3770 1355 3833 Pluribus
1397 3771 1681 3851 exemplis
1725 3783 1935 3833 natura
1974 3772 2140 3833 iuuat
2181 3772 2499 3847 racionem,

1001 3868 1266 3929 Doccius
1305 3871 1466 3931 vnde
1506 3890 1683 3930 suum
1724 3870 2001 3932 iudiciale
2042 3882 2219 3950 regat.

1003 3966 1170 4027 Hinc
1211 3977 1301 4028 est
1344 3970 1511 4046 quod
1552 3968 1790 4029 latitans
1830 3969 1999 4030 bubo
2040 3968 2189 4029 lucis
2230 3968 2401 4029 iubar
2441 3968 2587 4043 odit,

1005 4066 1223 4125 Esoem
1264 4065 1513 4143 vestigat
1553 4077 1750 4141 nocte,
1795 4078 2028 4128 veretur
2065 4086 2247 4129 aues:

1005 4163 1082 4221 In
1121 4180 1304 4240 quarn
1345 4164 1495 4224 forte
1535 4184 1740 4243 greges
1779 4164 1983 4225 auium
2025 4165 2076 4227 si
2116 4164 2344 4225 lumina
2384 4166 2585 4243 figant,

1006 4260 1461 4322 Conclamando
1499 4263 1703 4323 volant
1744 4272 1805 4324 et
1845 4262 2128 4325 laniando
2168 4272 2389 4324 secant.

1517 4410 1646 4473 ¹⁶95
1679 4409 1725 4459 si
1748 4410 2165 4461 cEnGDLTffl
2228 4425 2324 4461 sua
2344 4410 2385 4461 S
